1840 3094
472 207 709 253 LIBER
740 202 901 251 XXIII.
947 205 1100 254 CAP.
1134 212 1210 255 III.

170 327 337 384 senatib-
368 344 527 370 vacuam
562 329 823 382 rempublicam
864 327 1014 368 tradere
1038 327 1252 369 Hannibali
1286 347 1330 372 ac
1359 332 1495 374 Paem's

183 387 289 427 velle.
366 386 424 426 Eo
444 388 490 445 fi'
528 388 693 441 periculo
730 387 823 444 poffi’
869 387 1031 427 liberare
1069 402 1138 435 eos,
1181 387 1224 442 fi
1248 390 1293 441 ſs’
1327 395 1491 444 permit.

181 453 268 484 tant
301 446 363 500 (3)
383 445 475 500 fibi,
511 446 577 494 ξφ,
607 447 854 486 certaminum
886 447 925 484 in
955 445 1146 498 republica}⁴
1175 446 1290 495 obliti,
1320 450 1486 491 credant.

182 502 327 560 Qum
349 518 492 544 omnes
512 503 610 544 νίἇὶί
631 512 745 544 metu
766 503 1075 558 permitterent;
1110 503 1296 543 Claudum
1319 508 1354 545 ι’).
1377 511 1491 550 curia

181 573 262 609 vos,
292 561 441 615 inquit,
475 561 544 613 Εἴ,
574 570 755 617 tanquam
786 562 838 603 ἔθ’
869 561 943 614 ipse
974 563 1126 616 cogitati
1148 562 1339 615 facinoris
1363 570 1489 618 parti.

180 629 276 671 ceps,
321 620 552 673 approbando
588 619 679 675 confi
697 621 750 671 ia,
800 620 933 674 quibus
971 621 1212 674 nequicquam
1251 622 1490 679 advetsszrer,

180 679 288 717 viam
318 678 447 735 saluti
484 679 617 736 vestrae
650 679 856 718 inveniam.
918 678 966 717 In
992 677 1055 717 hoc
1071 678 1208 733 fidem,
1240 696 1353 733 quam
1370 685 1491 724 vultis

183 735 262 790 iffi,
300 738 453 790 accipite
483 739 560 790 (4).
641 736 740 777 Fide
781 735 875 776 dat&
915 736 1108 791 egressus,
1140 737 1272 777 claudi
1316 742 1489 791 curiam,

175 793 309 849 jubet,
340 795 650 849 praefidiumque
680 795 721 834 in
742 793 940 834 vestibulo
969 795 1159 849 reliquit;
1193 809 1244 836 ne
1265 799 1358 850 quis
1379 801 1488 841 adire

179 853 336 892 curiam
359 853 505 908 injuffu
526 852 612 902 suo,
642 867 744 893 neve
766 852 860 892 inde
881 852 1020 906 egredi
1037 853 1167 907 possit.

239 911 314 951 ΙΙΙ.
342 911 466 951 Tunc
500 922 645 952 vocato
680 912 730 952 ad
763 910 1005 951 concionem
1036 912 1205 967 populo,
1240 911 1361 968 ,(’Ξῑιοᾱ
1384 917 1488 971 sape,

182 968 333 1022 inquit,
374 969 542 1027 optastis,
587 970 790 1023 Camjmni,
836 978 878 1008 ut
892 969 1080 1023 fitpplicii
1104 971 1281 1025 sumendi
1312 968 1411 1014 vob'is
1444 992 1489 1016 ex

181 1028 341 1081 improbo
375 1043 419 1067 ac
449 1027 654 1085 detestabili
672 1029 812 1083 senatu
842 1028 1007 1084 potestas
1032 1029 1138 1084 ψη-
1171 1044 1252 1068 eam
1282 1032 1343 1086 (1)
1374 1048 1488 1084 nunc,

181 1101 251 1125 non
279 1093 353 1140 per
370 1088 577 1126 tumultum
598 1095 850 1140 expugnantes
870 1086 986 1126 domos
997 1085 1253 1141 fingulorum,
1284 1107 1379 1145 quas
1389 1103 1489 1145 prae-

164 1143 278 1200 fidiis
313 1144 500 1184 clientium
529 1144 807 1202 servorumque
839 1152 1008 1192 tuentur,
1058 1160 1143 1184 cum
1175 1146 1325 1200 summo
1362 1151 1489 1208 vestro

173 1202 352 1256 periculo,
383 1203 456 1257 sed
486 1211 608 1242 tutam
648 1202 788 1242 habetis
814 1217 858 1241 ac
884 1202 1052 1243 liberam.
1113 1203 1265 1256 Clausos
1298 1222 1417 1248 omnes
1447 1210 1487 1248 in

178 1261 327 1302 curiam
363 1263 426 1315 (2)
461 1262 628 1315 accipite,
643 1261 753 1316 solos,
785 1261 942 1299 inermes
957 1278 970 1300 .·
1002 1276 1066 1300 nec
1099 1263 1295 1321 quicquam
1331 1268 1488 1319 raptim,

180 1327 249 1358 aut
269 1321 332 1373 (3)
349 1317 461 1375 forte
491 1327 625 1358 temere
644 1319 806 1373 egeritis.
837 1318 880 1357 cle
890 1317 1128 1372 singulorum
1148 1321 1266 1373 capite
1285 1325 1389 1364 vobis
1413 1328 1488 1379 jus

168 1378 360 1433 sententiae
374 1377 530 1418 dicendae
535 1378 705 1432 faciam,
738 1385 793 1425 ut,
811 1391 904 1430 quas
917 1377 1070 1433 quisque
1090 1380 1247 1418 meritus
1260 1381 1329 1439 est,
1355 1388 1489 1434 poenas

174 1435 330 1489 pendat.
402 1435 476 1475 Sed
501 1444 588 1475 ante
607 1436 729 1474 omnia
765 1437 827 1487 (4)
849 1435 902 1473 ita
917 1450 980 1474 vos
993 1437 1058 1474 irae
1071 1435 1263 1490 indulgere
1274 1447 1422 1492 oportet,
1446 1449 1489 1480 ut

172 1495 349 1547 potiorem
366 1494 600 1547 irdfitlutem
617 1501 726 1546 atque
751 1493 949 1531 utilitatem
971 1493 1139 1550 vestram
1159 1493 1340 1537 habeatis.
1356 1500 1489 1539 etenim

179 1551 242 1592 hos
262 1551 334 1607 (ut
352 1552 505 1609 opinor)
525 1551 652 1609 odistis
661 1550 855 1608 senatores
871 1571 885 1595 ,-
919 1565 988 1589 non
1006 1551 1182 1606 senatum
1195 1556 1338 1595 omnino
1357 1555 1489 1597 habere

180 1625 251 1650 non
272 1611 403 1650 vultis.
434 1611 570 1665 quippe
596 1618 664 1648 aut
685 1624 765 1657 rex,
798 1607 923 1662 (quod
940 1609 1255 1669 abominandum)
1276 1622 1362 1662 aut,
1393 1615 1493 1669 quod

179 1683 296 1708 unum
330 1668 449 1708 liberae
483 1669 651 1707 civitatis
684 1666 866 1721 cotfilium
899 1668 970 1725 est,
1007 1668 1165 1722 senatus
1195 1669 1384 1712 habendus
1416 1674 1485 1731 est.

181 1727 315 1782 Itaque
335 1727 413 1766 duae
434 1741 492 1766 res
504 1724 628 1779 simul
642 1725 789 1780 agendae
805 1725 900 1780 fient
919 1726 1035 1777 vobis,
1066 1735 1108 1766 ut
1132 1727 1185 1769 &⁹
1204 1737 1364 1770 veterem
1371 1731 1489 1786 fina-

180 1794 259 1825 tum
285 1786 447 1834 tollatis,
481 1784 533 1826 θ’
554 1799 691 1823 novum
721 1785 897 1836 cooptetis.
961 1783 1091 1824 Citari
1106 1783 1276 1840 singulos
1295 1789 1489 1843 senatores

167 1844 320 1898 jubebo,
350 1842 394 1882 de
413 1857 569 1897 quorum
596 1843 718 1895 capite
738 1857 802 1882 vos
829 1842 1021 1896 consulam.
1055 1843 1152 1898 quod
1175 1844 1218 1884 de
1246 1862 1384 1901 quoque
1402 1863 1488 1888 cen-

165 1903 343 1956 sueritis,
360 1900 449 1956 fiet.
512 1899 584 1940 Sed
594 1899 708 1953 prins
728 1901 768 1938 in
798 1901 878 1955 ejus
896 1901 1011 1939 locum
1034 1903 1163 1941 virum
1164 1902 1308 1958 fortem
1328 1921 1372 1944 ac
1382 1907 1487 1961 stre-

178 1975 295 2000 nuum
313 1975 448 1999 novum
470 1959 681 2016 senatorem
701 1959 924 2012 cooptabitis,
952 1958 1068 2012 quam
1087 1959 1130 1999 de
1151 1962 1254 2002 noxio
1259 1963 1487 2016 supplicium

165 2019 358 2074 sumatur.
420 2017 521 2057 Inde
543 2015 738 2066 consedit,
774 2018 832 2067 δι,
863 2016 1099 2057 nominibus
1127 2018 1169 2057 in
1207 2033 1352 2060 urnam
1387 2036 1488 2062 con-

174 2075 313 2131 jeCfis,
340 2075 471 2126 citari,
502 2075 612 2128 quod
633 2075 812 2127 primum
834 2074 939 2114 sorte
965 2088 1115 2115 nomen
1137 2077 1302 2127 excidit,
1334 2079 1485 2133 ipsum-

177 2148 259 2193 que
293 2147 316 2173 e
346 2134 459 2174 curifi
499 2133 670 2188 produci
700 2132 824 2188 juffit.
885 2132 974 2174 Ubi
1008 2134 1192 2176 auditum
1225 2135 1282 2176 est
1316 2151 1485 2189 nomen,

719 2191 769 2231 M
803 2203 826 2233 2
1329 2196 1486 2236 malum

179 2336 217 2360 ut
227 2326 282 2359 hic
296 2326 402 2358 noster
418 2328 547 2357 Romam.
590 2325 646 2367 (3)
661 2324 740 2357 vid.
760 2332 827 2358 not.
846 2336 876 2364 4.
900 2326 941 2358 ad
953 2336 1050 2367 c.31.
1070 2327 1089 2359 l.
1107 2327 1141 2360 8.
1165 2328 1276 2372 supra.
1324 2330 1380 2372 (4)
1392 2332 1489 2363 Fidem

178 2378 302 2416 accipere
318 2373 434 2404 eodem
450 2371 541 2402 sensu
558 2370 702 2402 occurrit
720 2371 807 2402 infra
823 2371 843 2401 1.
856 2381 910 2410 43.
933 2383 962 2403 c.
983 2383 1035 2405 10.
1063 2375 1101 2404 E.

226 2420 263 2450 C.
292 2428 324 2458 3.
386 2419 443 2457 (ι)
466 2418 591 2458 Nempe
633 2415 831 2458 potestatem.
868 2416 934 2447 vid.
973 2426 1045 2450 not.
1079 2428 1110 2450 2.
1149 2420 1190 2451 ad
1217 2431 1246 2451 c.
1274 2432 1303 2459 4.
1329 2422 1350 2454 l.
1378 2433 1408 2460 4.
1437 2423 1488 2454 su-

177 2463 254 2506 pri,
301 2465 358 2505 (2)
381 2463 431 2494 Sic
452 2464 586 2492 includere
602 2464 629 2492 e‘n
645 2474 782 2492 carcerem
806 2460 892 2493 infra
910 2461 932 2492 l.
955 2462 1004 2501 38.
1034 2474 1062 2495 c.
1082 2473 1134 2504 59.
1156 2469 1266 2497 condere
1292 2471 1321 2498 in
1349 2481 1490 2499 carcerem

178 2509 202 2540 l.
230 2519 283 2548 30.
309 2520 336 2540 c.
364 2517 416 2539 21.
442 2509 588 2551 aster-vare
614 2510 642 2538 in
668 2519 805 2538 carcerem
834 2506 931 2548 supr?-
960 2507 983 2539 Ι.
1012 2507 1041 2539 8.
1066 2520 1093 2540 c.
1123 2519 1177 2541 κ.
1207 2518 1237 2541 <.·.
1264 2511 1376 2544 similia
1400 2513 1489 2544 alibi.

177 2555 238 2596 (3)
260 2553 310 2585 Sic
334 2555 410 2585 Ter.
434 2553 468 2584 in
494 2553 629 2584 Phorm.
660 2562 692 2591 5.
727 2562 754 2583 ι.
787 2561 839 2591 30.
870 2552 951 2593 quam
973 2555 1058 2596 saepe
1088 2556 1172 2595 forte)
1203 2564 1303 2588 temne
1335 2561 1491 2597 Eveniunt,

179 2613 244 2642 quae
260 2613 310 2630 non
335 2602 435 2630 audeas
453 2607 559 2640 optare.
594 2598 710 2630 Noster
734 2597 830 2639 supra}
859 2596 881 2627 l.
899 2606 930 2629 2.
957 2608 1059 2638 c-v31.
1079 2604 1239 2642 perpulere,
1262 2604 1490 2644 utsortetemere

181 2649 210 2675 in
239 2646 367 2685 adversos
380 2652 477 2674 montes
506 2657 605 2686 agmen
622 2647 754 2685 erigeret.
782 2641 868 2673 infr}
884 2643 908 2673 l.
941 2652 993 2682 25.
1017 2655 1046 2676 c.
1068 2645 1122 2684 38.
1149 2646 1182 2676 δε
1199 2647 1288 2680 alibi.
1336 2648 1491 2680 Similiter

180 2689 250 2724 cic.
274 2689 296 2720 Ι.
322 2699 353 2722 2.
379 2691 420 2721 de
439 2689 550 2722 Divin.
574 2700 603 2722 c.
623 2689 678 2720 68.
725 2688 782 2732 (4)
806 2687 885 2720 vid.
912 2697 982 2721 not.
1008 2699 1039 2722 2.
1064 2691 1106 2722 ad
1123 2702 1152 2724 c.
1178 2691 1230 2724 61.
1253 2693 1276 2726 l.
1304 2703 1355 2727 υ.
1377 2694 1490 2778 sapia.

1452 2741 1492 2780 5)

1636 225 1723 278 ¹03,
