1834 3099
125 224 209 268 320

770 223 774 228 '
829 214 883 261 -Τ,
916 214 1117 263 LIVII

346 329 479 374 locis'
470 348 511 374 ιη
534 348 674 375 cavam
691 336 837 376 vallem
857 337 1071 394 conjectus
1095 339 1186 391 (14)
1207 335 1317 388 estet,
1348 334 1663 400 transfiguntur-’1

347 393 604 445 Gracchum,
632 395 717 463 jam
740 397 940 435 nudatum
971 397 1170 451 praesulio,
1203 396 1340 436 vivum
1369 409 1513 450 capere
1542 386 1662 436 Poeni

347 451 549 491 nituntur.
580 450 763 493 ceterum
803 454 884 503 ille,
917 455 1171 509 conspicatus
1205 454 1423 495 Lucanum
1460 453 1663 507 hospitem
1716 464 1726 468 ··

349 509 454 550 inter
475 510 624 560 hostes,
656 510 759 552 adeo
790 512 958 554 infestus
996 513 1203 554 confertos
1231 513 1387 561 invasit,
1419 523 1464 552 ut
1486 511 1598 566 parci
1626 509 1663 550 ei

351 569 431 609 fine
450 570 674 610 multorum
691 571 870 624 pernicie
893 586 973 611 non
991 572 1128 626 poss'et.
1188 572 1431 611 Exanimem
1450 585 1546 610 eum
1568 570 1666 610 Ma-

351 641 404 682 go
425 629 632 682 extemplo
667 630 718 668 ad
746 629 1022 670 Hannibtlern
1060 631 1178 681 misit,
1208 631 1389 685 ponique
1417 644 1513 669 cum
1535 627 1666 682 captis

352 687 467 726 fimul
489 685 663 728 fascibus
681 698 774 728 ante
796 688 972 729 tribunal
991 689 1382 745 imperatorisjussit.
1444 688 1549 728 Haec
1570 699 1666 727 vera

351 743 461 784 fama
482 745 554 786 cst.
610 746 856 788 Gracchus
848 761 890 787 m
911 748 1090 788 Lucanis
1113 749 1162 788 ad
1184 762 1367 802 campos,
1399 747 1471 801 qui
1491 746 1666 786 Veteres

351 814 564 854 vocantur,
596 805 727 858 periit.

409 862 551 903 XVII.
582 863 703 911 Sunt,
736 864 806 917 qui
824 863 864 903 in
886 879 984 920 agro
1004 865 1310 914 Beneventano,
1333 878 1459 919 prope
1476 863 1668 904 Calorem

352 920 541 972 fluvium,
572 921 787 962 ostendant
809 926 872 976 (1)
909 938 929 962 a
952 923 1090 964 castris
1107 938 1202 964 cum
1222 924 1436 964 lifiloribus
1458 937 1515 963 -ac
1538 920 1671 960 tribus

350 980 471 1020 servis
493 980 653 1020 lavandi
675 980 791 1021 caus&
809 982 1073 1034 progressum,
1106 997 1234 1036 quum
1257 981 1362 1022 forte
1392 982 1498 1021 inter
1526 979 1667 1019 falieta

351 1038 491 1078 innata
511 1038 609 1092 ripis
645 1040 817 1079 laterent
839 1039 988 1105 hostes,
1020 1042 1178 1080 nudum
1200 1051 1322 1094 atque
1343 1041 1558 1087 inermem,
1581 1038 1670 1079 saxo-

351 1097 479 1151 isque,
511 1110 602 1162 qufe
617 1098 742 1136 volvit
757 1098 912 1148 amnis,
937 1109 1266 1164 propugnantem
1283 1103 1364 1154 (2),
1384 1097 1666 1138 interfectum.

351 1155 473 1206 Sunt,
506 1156 577 1209 qui
614 1155 846 1210 aruspicum
868 1157 1034 1198 monitu
1046 1158 1294 1212 quingentos
1322 1157 1456 1226 passus
1476 1172 1499 1196 a
1529 1155 1670 1196 eastris

351 1215 620 1269 progressum,
653 1215 713 1254 uti
731 1218 771 1269 (3
781 1218 795 1268 )
814 1216 905 1255 loco
923 1229 1026 1269 puro
1042 1229 1106 1266 ea,
1139 1226 1231 1270 quae
1247 1215 1339 1256 ante
1357 1215 1478 1256 dina
1484 1213 1671 1269 prodigia

353 1272 460 1322 tunt,
505 1283 757 1328 procuraret,
790 1273 839 1313 ab
890 1274 1155 1314 insidentibus
1189 1274 1295 1315 forte
1332 1275 1470 1315 locum
1512 1271 1672 1313 duabu-s

354 1332 500 1372 turmis
517 1331 796 1372 Numidarum
814 1332 1141 1373 circumventum
1156 1333 1344 1374 scribant.
1378 1333 1482 1373 adeo
1505 1345 1580 1372 nec
1609 1332 1672 1372 lo-

352 1404 442 1440 cus,
461 1404 538 1430 nec
550 1391 653 1430 ratio
665 1391 808 1431 mortis
821 1391 862 1430 in
879 1392 967 1431 viro
985 1403 1067 1431 tarn
1085 1392 1244 1433 claro&
1260 1391 1403 1447 insigni
1418 1390 1575 1431 constat
1591 1392 1669 1444 (4).

353 1444 526 1489 Funeris
563 1462 727 1503 quoque
751 1448 932 1490 Gracchi
968 1450 1077 1490 varia
1097 1450 1154 1490 est
1191 1450 1314 1491 fama.
1378 1450 1465 1490 Alii
1500 1449 1542 1489 in
1584 1448 1670 1489 cas-

351 1507 426 1548 tris
458 1507 660 1548 Romanis
692 1507 895 1562 sepultum
917 1507 966 1548 ab
989 1508 1084 1558 suis,
1113 1509 1180 1549 alii
1202 1509 1251 1549 ab
1284 1508 1518 1549 Hannibale
1541 1509 1599 1562 (&
1623 1521 1672 1547 ea

349 1566 554 1622 vulgatior
571 1565 681 1606 fama
702 1567 778 1621 est)
795 1568 962 1606 tradunt
979 1567 1020 1605 in
1036 1566 1234 1608 vestibulo
1249 1567 1502 1608 Punicorum
1521 1565 1672 1608 castro-

351 1629 613 1680 rum'rogum
635 1624 884 1665 exstrue-tum
907 1626 995 1665 effe.
1020 1635 1224 1666 armatum
1245 1625 1473 1666 exercitum
1497 1627 1560 1680 (si
1600 1625 1671 1665 de-

351 1684 570 1724 cucurriffe
592 1697 687 1724 curn
710 1684 899 1738 tripudiis
924 1684 1225 1738 Hispanorum,
1256 1684 1515 1738 motibusque
1537 1698 1674 1724 armo-

352 1756 446 1782 rum
492 1744 530 1782 &
566 1756 787 1797 corporum
825 1742 906 1782 suae
948 1743 1097 1797 cuique
1133 1745 1197 1797 (o)
1231 1743 1346 1799 genti
1380 1741 1555 1793 assuetis,
1585 1741 1672 1796 ipso

353 1800 589 1841 Hannibale
625 1801 739 1841 omni
776 1810 915 1841 rerum
949 1801 1250 1855 verborumque
1283 1801 1440 1842 honore
1461 1800 1673 1854 exsequias

355 1859 600 1900 celebrante.
660 1860 764 1900 Haec
787 1861 969 1909 tradunt,
1002 1860 1073 1913 qui
1095 1860 1136 1899 in
1153 1860 1333 1900 Lucanis
1354 1860 1413 1900 rei
1430 1859 1552 1915 gestae
1575 1874 1673 1900 auc-

355 1927 464 1958 tores
479 1918 582 1957 sunt.
644 1918 687 1958 Si
710 1918 804 1970 illis,
837 1919 908 1972 qui
931 1919 980 1958 ad
1003 1919 1194 1958 Calorem
1210 1918 1381 1958 fluvium
1403 1916 1672 1959 interfe&um

356 1986 601 2026 memorant,
630 1978 796 2016 credere
817 1978 931 2026 velis,
963 1976 1107 2030 capitis
1143 1979 1306 2017 tantum
1330 1975 1515 2018 Gracchi
1537 1975 1674 2019 hostes

356 2035 476 2089 potiti
499 2034 604 2076 sunt.
636 2049 686 2076 eo
714 2035 849 2076 delato
871 2037 921 2076 ad
944 2035 1241 2089 Hannibalem,
1273 2035 1410 2077 miffus
1431 2035 1483 2076 ab
1498 2049 1548 2076 eo
1577 2049 1678 2076 con-

1490 2115 1492 2118 f
1539 2093 1678 2135 festim

360 2211 407 2243 lat
429 2211 470 2243 ab
490 2210 642 2243 omnibus
659 2213 727 2245 fere
751 2207 888 2255 scriptis'.
933 2215 1047 2256 Lege:
1073 2227 1123 2251 an,
1144 2216 1198 2245 toti
1215 2238 1223 2246 .
1243 2237 1252 2245 .
1275 2237 1282 2244 .
1298 2215 1384 2256 versi.
1430 2213 1512 2254 (14)
1527 2213 1633 2256 Supra
1649 2212 1675 2244 Ι.

362 2267 440 2289 mc.
462 2261 704 2300 31.pri11sq1mm
729 2261 926 2300 adconjefflum
958 2263 1086 2291 venire-tu
1071 2275 1116 2291 u.r
1139 2260 1171 2290 δε
1199 2259 1282 2301 saepe
1307 2252 1394 2291 alibi.
1439 2259 1571 2301 Duplex
1603 2260 1679 2291 red·

362 2303 452 2333 ditur
469 2303 575 2341 causa,
598 2315 656 2335 cur
683 2304 822 2335 Romani
849 2304 965 2346 jaculis
996 2305 1134 2336 maxime
1164 2304 1310 2337 transfixi
1342 2303 1427 2337 sint:
1455 2305 1574 2346 primo.
1598 2304 1678 2346 quia

362 2358 504 2390 corpora
518 2360 632 2380 eornm
649 2358 763 2390 aperta
780 2357 884 2386 erant,
907 2350 998 2382 scuta
1014 2351 1101 2382 enim
1117 2351 1222 2382 secum
1239 2361 1307 2381 non
1324 2350 1508 2382 extulerant
1523 2365 1530 2384 ς
1547 2349 1680 2388 deinde,

363 2393 441 2434 quia
454 2405 492 2424 ex
509 2394 687 2431 montibus,
709 2394 828 2436 quihus
846 2395 936 2426 Poeni
961 2395 1158 2433 insederant,
1182 2395 1327 2437 undique
1358 2395 1393 2426 in
1415 2397 1593 2434 Romanos,
1619 2395 1682 2438 qui.

365 2438 398 2470 in
415 2439 559 2481 subjeci&
575 2440 660 2471 valle
685 2447 791 2476 erant,
815 2441 968 2472 facillime
981 2442 1047 2473 tela
1062 2440 1178 2483 conjici
1196 2448 1363 2483 poterant.

412 2503 452 2533 C.
483 2511 532 2540 17.
575 2503 632 2544 (1)
649 2503 695 2534 H.
721 2514 751 2535 e.
777 2510 925 2535 narrent.
971 2505 1034 2536 Sed
1045 2515 1112 2535 non
1129 2503 1249 2545 placet.
1299 2504 1396 2536 Forte
1425 2507 1597 2536 contendant.
1624 2505 1692 2547 (η-

366 2547 552 2578 Defendent
556 2558 606 2578 em
635 2548 665 2579 se
681 2549 836 2580 adversus
860 2549 999 2580 hostium
1023 2551 1192 2600 impetum:
1237 2549 1297 2591 (3)
1311 2549 1430 2582 castris
1447 2560 1565 2591 nempe
1589 2551 1678 2592 quast

368 2591 503 2633 pollutis
530 2593 561 2622 ὃ(
587 2592 723 2631 incestis,
745 2594 977 2626 obinfaullum
995 2594 1076 2626 illud
1093 2594 1250 2637 anguium
1267 2605 1376 2626 omen.
1423 2596 1551 2627 lnsrirl.
1581 2606 1635 2636 31
1650 2607 1681 2628 c.

368 2648 421 2674 44.
467 2639 543 2668 Loca
569 2638 630 2668 δὶς.
648 2640 819 2691 detestabilia
845 2641 903 2682 ff,
925 2653 1007 2681 neque
1034 2644 1063 2671 in
1055 2643 1114 2670 tiis
1144 2643 1290 2682 quicquam
1302 2641 1391 2684 pqstea
1413 2643 1484 2682 poni
1506 2643 1682 2684 dedicarique

365 2685 464 2724 placer
466 2696 502 2713 ee
495 2695 539 2712 eor
543 2696 598 2719 um,
620 2691 677 2724 qus.-
695 2688 723 2713 in
739 2687 793 2715 loco
816 2689 967 2726 puroponi
983 2687 1218 2727 didicariquefas
1233 2686 1305 2728 effit.
1354 2685 1410 2726 (4)
1427 2686 1461 2717 h.
1481 2697 1507 2718 e.
1524 2687 1682 2718 convenit

377 2729 461 2759 inter
479 2728 638 2760 ductores.
683 2730 739 2769 (5)
767 2728 842 2760 vid.
857 2738 928 2761 not.
950 2740 983 2767 4.
1000 2731 1041 2762 ad
1059 2741 1088 2762 c.
1103 2740 1156 2771 35.
1178 2731 1199 2763 1.
1222 2739 1276 2770 23.
1301 2729 1408 2773 snpra.
1454 2731 1510 2774 (6)
1527 2733 1684 2775 Legesuae

1551 2790 1685 2821 quemqh'l
