1834 3099
428 149 549 191 LIB
573 150 605 192 E
624 149 663 190 R
699 149 879 192 XXVII.
926 149 961 191 C
983 149 1019 190 A
1039 150 1084 191 P.
1121 148 1219 190 XV.

145 266 264 308 cursu
317 266 548 308 belluarum
591 268 721 309 aciem
762 268 870 322 signa
914 266 1100 307 inferunt
1137 266 1321 308 Romani
1369 265 1482 321 pedi-

142 334 234 366 tes:
284 328 323 367 &
359 326 470 367 haud
506 339 658 382 magno
711 327 936 367 certamine
973 326 1178 380 dissipatos
1215 325 1483 381 trepidantes-

142 399 223 438 que
260 396 464 427 avertunt.
540 386 654 426 Tum
690 386 730 425 in
773 384 979 441 fugientes
1008 385 1249 440 equitatum
1293 384 1479 425 immittit

144 443 388 494 Marcellus,
419 458 495 486 nec
518 445 611 486 ante
647 445 739 486 finis
771 444 964 498 sequendi
995 444 1053 484 est
1086 444 1241 495 faetus,
1274 444 1400 498 quam
1436 444 1479 485 in

140 502 269 544 castra
303 514 499 559 paventes
535 504 730 559 compulsi
767 503 873 545 sunt.
938 504 1091 557 Na1n†
1118 504 1237 558 super
1261 504 1353 553 alia,
1387 517 1478 558 quae

139 573 340 604 terrorem
374 563 776 618 trepidationemque
814 562 1012 612 facerent,
1059 563 1269 617 elephanti
1311 577 1480 616 quoque

139 621 224 661 duo
256 621 299 662 in
336 622 420 677 ipsa
456 624 573 678 porta
614 632 868 671 corruerant,
921 621 1139 676 coactique
1176 631 1292 662 erant
1329 621 1480 663 milites

139 693 214 734 per
236 679 378 722 foffam
402 683 639 737 vallumque
661 695 778 722 ruere
803 681 843 721 in
862 681 1003 722 castra.
1028 680 1083 722 ibi
1099 681 1279 722 maxima
1296 680 1480 722 hostium

139 740 274 781 caedes
294 741 405 783 facita
424 757 433 782 :
465 742 566 782 caesa
588 743 638 782 ad
660 740 757 782 octo
777 741 903 780 millia
921 739 1158 789 hominum,
1190 740 1375 794 quinque
1397 742 1481 780 ele-

141 798 300 852 phanti.
383 801 473 842 Nec
517 800 722 841 Romanis
771 800 986 840 incruenta
1025 799 1198 840 vi&oria
1229 798 1323 839 fuit.
1368 799 1480 839 mille

140 857 272 900 ferme
305 862 344 902 «Sc
383 859 630 915 septingenti
662 861 712 900 de
751 859 910 900 duabus
933 858 1180 914 legionibus,
1216 861 1255 899 Sc
1275 858 1480 899 sociorum

139 917 261 972 supra
282 918 395 959 mille
421 921 458 960 &
484 928 690 960 trecentos
710 919 855 959 occisi:
889 918 1092 959 vulnerati
1114 917 1309 973 permulti
1327 917 1481 958 civium

141 976 445 1033 sociorumque.
510 977 720 1019 Hannibal
764 977 888 1019 noere
923 977 1111 1032 proxima
1159 977 1286 1017 castra
1334 979 1476 1018 movit.

140 1036 395 1091 Cupientem
429 1036 589 1091 insequi
611 1038 859 1078 Marcellum
897 1036 1109 1092 prohibuit
1143 1037 1369 1076 multitudo
1392 1036 1481 1076 sau-

140 1094 313 1136 ciorum.
379 1097 686 1151 Speculatores,
717 1097 789 1151 qui
807 1096 1155 1151 prosequerentur
1175 1110 1339 1151 agmen,
1363 1095 1482 1146 miffi,

139 1155 303 1208 postero
326 1156 391 1197 die
415 1157 660 1206 retulerunt,
693 1157 877 1197 Bruttios
894 1157 947 1196 H
942 1155 1173 1196 innibalem
1197 1166 1350 1210 petere

201 1213 299 1254 XV.
332 1215 558 1271 (1)Iisdem
582 1215 668 1256 fere
683 1215 827 1257 diebus
854 1218 891 1256 8<
917 1216 966 1255 ad
984 1215 1038 1257 O
1054 1214 1249 1254 Fulvium
1270 1213 1482 1254 consulem

141 1271 328 1328 Hirpini,
364 1274 600 1325 &Lucani,
634 1274 823 1318 &Volce
828 1285 932 1324 ntes,
965 1274 1124 1314 traditis
1141 1272 1337 1328 praefidiis
1365 1273 1485 1314 Han-

139 1331 304 1384 nibalis,
336 1349 431 1388 quae
463 1334 505 1374 in
537 1308 708 1375 ulbibus
736 1333 960 1386 habebant,
992 1333 1241 1374 dediderunt
1273 1331 1369 1382 sese,
1402 1334 1484 1374 cle·

140 1401 384 1446 menterque
407 1407 430 1434 a
452 1393 634 1443 consule,
667 1407 764 1434 cum
787 1393 1008 1434 verborum
1030 1394 1194 1436 tantum
1218 1391 1483 1448 castigatione

139 1449 193 1490 ob
215 1464 396 1492 errorem
411 1452 686 1507 praeteritum,
719 1452 892 1519 accepti.
955 1452 1007 1492 Et
1029 1451 1202 1492 Bruttiis
1232 1451 1370 1492 similis
1393 1450 1484 1506 spes

138 1509 269 1551 veniae
299 1510 412 1552 faCta
439 1511 528 1552 est.
563 1526 692 1578 quum
727 1511 776 1552 ab
809 1511 858 1552 iis
878 1511 1026 1553 Vibius
1052 1513 1088 1551 3<
1115 1509 1286 1552 Pactius
1320 1510 1485 1561 fratres,

141 1568 263 1624 longe
301 1569 532 1611 nobilissimi
554 1571 689 1627 gentis
705 1571 810 1627 ejus,
840 1571 1031 1620 eandem,
1065 1584 1157 1624 quae
1179 1571 1274 1611 data
1301 1569 1483 1612 Lucanis

140 1638 242 1680 erat,
277 1630 560 1671 conditionem
592 1630 813 1671 deditionis
836 1640 1025 1685 petentes
1056 1628 1267 1670 venissent.
1332 1629 1387 1686 Q.
1407 1630 1484 1670 Fa-

142 1686 234 1729 bius
256 1688 398 1730 consul
434 1691 637 1745 oppidum
671 1691 711 1730 in
735 1689 971 1731 Sallentinis
1006 1688 1276 1729 Manduriam
1297 1688 1337 1729 vi
1359 1689 1524 1744 cepit.

139 1746 197 1786 ibi
219 1749 268 1788 ad
301 1759 483 1802 quatuor
503 1749 629 1790 millia
666 1748 885 1790 hominum
909 1759 1042 1804 capta,
1077 1750 1116 1789 8<
1155 1758 1302 1790 ceterae
1335 1732 1558 1803 praedae'u‘

141 1806 416 1861 aliquantum.
480 1809 581 1850 Inde
602 1808 836 1849 Tarentum
851 1807 1083 1863 profectus,
1116 1807 1158 1847 in
1179 1808 1273 1862 ipsis
1293 1807 1485 1849 faucibus

143 1863 287 1919 portus
305 1867 440 1921 posuit
457 1868 599 1909 castra.
618 1882 757 1918 naves,
791 1882 892 1923 quas
909 1868 1054 1908 Livius
1071 1866 1256 1908 tutandis
1277 1881 1486 1907 commea-

144 1924 252 1966 tibus
286 1925 504 1978 habuerat,
537 1927 686 1982 partim
730 1925 1112 1969 machinationibus
1149 1935 1292 1966 onerat
1315 1941 1487 1981 appara-

143 1995 272 2038 tuque
309 1986 515 2027 moenium
547 1988 940 2042 oppugnandorum,
1001 1985 1152 2039 partim
1194 1985 1411 2026 tormentis
1443 1988 1489 2028 δε

144 2042 248 2084 saxis
269 2044 467 2099 omnique
497 2045 703 2085 miffilium
734 2046 911 2085 telorum
945 2058 1095 2100 genere
1130 2043 1308 2093 instruit,
1340 2058 1487 2085 onera*

144 2102 226 2143 rias
266 2117 450 2158 quoque,
480 2118 565 2144 non
595 2118 663 2144 eas
696 2103 846 2154 solum,
879 2118 970 2157 quse
1008 2102 1131 2144 remis
1155 2111 1405 2158 agerentur3
1440 2114 1487 2144 ut

145 2161 213 2202 alii
236 2161 448 2204 machinas
472 2162 676 2218 scalasque
698 2165 749 2204 ad
771 2177 914 2203 muros
943 2162 1117 2213 ferrent,
1150 2162 1217 2202 alii
1250 2162 1395 2217 procul
1435 2177 1485 2204 ex

145 2221 319 2263 navibus
342 2223 606 2263 vulnerarent
629 2222 834 2262 moenium
855 2231 1199 2277 propugnatores.
1261 2222 1330 2262 Eae
1346 2235 1485 2270 naves,

144 2286 170 2334 †
190 2279 240 2321 ab
274 2291 417 2335 aperto
451 2282 558 2323 mari
577 2292 623 2322 ut
644 2281 790 2322 urbem
819 2283 1155 2337 aggrederentur,
1186 2279 1398 2322 instrufflae
1416 2295 1487 2335 pa-

145 2349 328 2396 rataeque
366 2340 472 2382 sunt.
537 2341 588 2382 Et
625 2345 748 2392 cratss
774 2340 950 2382 liberum
983 2353 1112 2390 mare,
1160 2338 1277 2380 classe
1313 2340 1487 2391 Punica,

146 2414 278 2455 quum
315 2399 530 2456 Philippus
566 2414 807 2456 oppugnare
830 2399 998 2440 AEtolos
1034 2409 1214 2454 pararet,
1258 2398 1486 2455 Corcyram

148 2458 393 2502 transmissa.
456 2459 506 2500 In
526 2459 701 2500 Bruttiis
742 2458 909 2499 interim
947 2461 1007 2515 (2)
1037 2457 1237 2500 Caulonis
1271 2473 1487 2514 oppugna-

799 2518 843 2558 H
862 2531 885 2560 2
1378 2528 1487 2559 tores

197 2640 239 2673 C.
270 2647 325 2678 15.
361 2637 417 2677 (1)
445 2637 650 2670 Divifionem
676 2638 824 2680 capitum
853 2635 1104 2670 crevierianam
1132 2637 1263 2679 sequor,
1285 2647 1366 2679 quae,
1390 2637 1448 2669 ubi
1469 2648 1490 2669 2

152 2680 476 2717 Drakenborchiana
489 2684 629 2724 diversa,
653 2684 850 2727 plerumque
867 2682 985 2717 melior
1001 2683 1055 2716 est.
1106 2689 1159 2727 (2)
1177 2683 1367 2726 Vid.supra
1386 2695 1416 2715 c.
1436 2692 1488 2716 η,

1308 2730 1360 2770 (3)
1380 2729 1488 2772 Supra:

1660 161 1716 201 99

1505 395 1602 425 Vincit
1612 393 1711 427 alifer·=

1499 439 1595 473 cellas.

1503 1625 1609 1656 leim
1623 1627 1682 1657 ‘Ta-

1502 1679 1610 1704 rentum
1627 1682 1670 1716 ep

1563 1728 1622 1748 ιιι
