1840 3094
349 181 602 229 LIBER
652 176 796 227 XXII.
852 183 1022 227 CAP.
1067 178 1100 225 1'.

113 311 257 342 CUTIT
277 317 286 343 :
311 312 352 343 et
381 318 453 359 per
473 305 582 344 idem
605 311 769 357 tempus
786 303 935 344 Romae
949 302 1107 358 fignum
1137 300 1291 358 Martis
1313 297 1452 355 Appia

110 361 175 400 via
216 362 266 401 ad
308 363 518 404 simulacra
559 364 754 417 luporum
778 362 958 402 sudaffe:
991 372 1032 402 et
1071 361 1229 414 Capuae
1270 360 1449 414 speciem

111 419 206 458 coeli
248 422 427 462 ardentis
462 420 598 471 fuiffe,
650 423 841 475 lunaeque
886 421 993 460 inter
1036 418 1212 459 imbrem
1248 418 1447 460 cadentis.

109 477 212 518 Inde
229 480 456 520 minoribus
477 480 600 520 etiam
622 480 738 520 diem
757 479 954 534 prodigiis
976 478 1079 519 fides
1110 476 1276 517 habita:
1327 489 1452 531 capra

109 537 266 578 lanatas
288 539 529 592 quibusdam
547 538 695 588 faCtas,
726 550 768 578 et
802 539 996 594 gallinam
1021 537 1063 576 in
1085 550 1257 585 marem,
1292 537 1450 591 gallum

109 594 153 635 in
170 595 369 637 feminam
389 597 470 638 sese
494 601 586 652 (13)
609 597 780 637 vertifl‘e.-
844 597 941 648 His,
974 597 1075 636 ficut
1103 604 1220 635 erant
1236 595 1448 643 nunciata,

111 656 316 708 expolitis,
348 656 666 710 au&oribul'que
689 656 730 696 in
752 655 910 697 curiam
929 654 1194 704 introdu‘fi‘tis,
1225 653 1367 694 consul
1399 654 1450 692 de

108 714 306 768 religione
324 715 466 757 Patres
482 715 701 756 consuluit.
736 716 983 765 Decretum,
1003 723 1050 753 ut
1062 729 1110 754 ea
1137 712 1341 768 prodigia,
1358 726 1452 766 par-

110 771 186 812 tim
227 774 450 829 majoribus
485 774 644 824 hostiis,
691 780 840 828 partim
880 771 1130 813 laetentibus
1158 774 1272 827 (14),
1301 785 1452 826 procu-

108 842 323 872 rarentur:
356 842 397 872 et
424 832 486 873 uti
519 832 761 887 supplicatio
783 846 856 887 per
888 833 1074 872 triduum
1107 832 1158 872 ad
1188 830 1330 871 omnia
1359 831 1454 885 pul-

107 889 263 930 vinaria
283 890 514 932 haberetur.
547 902 699 943 cetera,
731 906 862 945 quum
882 896 905 945 ‡
927 889 1150 931 decemviri
1170 895 1195 943 †
1213 889 1340 930 libros
1389 889 1453 929 in-

106 946 335 1002 spexiffent‚
367 959 414 991 ut
448 951 505 991 ita
533 950 693 1000 fierent,
726 951 1078 1004 quemadmodum
1117 948 1232 989 cordi
1261 948 1338 988 effe
1351 944 1454 988 Divi

109 1007 360 1049 carminibus
389 1008 663 1063 praefarentur
695 1012 802 1064 (15).
833 1009 1179 1050 Decemvirorum
1200 1008 1363 1048 monitu
1380 1007 1455 1048 de·

110 1076 271 1106 cretum
291 1067 364 1117 est,
385 1069 478 1121 Jovi
492 1069 675 1123 primum
688 1070 845 1109 donum
862 1068 1021 1109 fulmen
1039 1080 1212 1108 aureum
1247 1073 1274 1122 †
1308 1066 1450 1122 pondo

112 1125 414 1182 quinquaginta
450 1126 597 1177 θενεῖς
650 1128 808 1181 Junoni
850 1128 1137 1180 Minervaeque
1179 1140 1229 1166 ex
1278 1135 1451 1181 argento

112 1184 223 1225 dona
243 1186 470 1236 darentur3
502 1197 544 1226 et
559 1187 717 1239 Junoni
736 1186 911 1242 Reginae
946 1185 990 1225 in
1014 1185 1242 1235 Aventino,
1272 1184 1452 1238 Junoni-

114 1256 196 1296 que
237 1243 409 1298 Sospitae
462 1245 640 1286 Lanuvii
680 1246 905 1300 majoribus
940 1244 1084 1286 hostiis
1124 1243 1450 1292 sacrificaretur3

115 1311 415 1357 matronaeque,
447 1304 622 1358 pecunia
659 1304 820 1355 collata,
856 1314 1059 1358 quantum
1080 1302 1267 1344 conferre
1297 1302 1451 1355 cuique

115 1363 385 1402 commodum
408 1363 518 1412 effet,
551 1363 709 1403 donum
725 1363 882 1417 Junoni
904 1362 1079 1418 Reginae
1116 1363 1159 1401 in
1192 1361 1453 1401 Aventinum

115 1418 286 1469 ferrent,
329 1421 710 1475 levitisterniumque
759 1421 902 1470 fieret3
950 1421 1051 1475 quin
1091 1430 1132 1460 et
1170 1419 1370 1460 libertinae
1404 1428 1453 1460 ut

116 1477 230 1532 ipsae,
261 1480 372 1519 unde
394 1481 485 1536 (16)
517 1481 702 1520 Feroniae
732 1481 889 1520 donum
911 1480 1095 1529 daretur,
1123 1478 1343 1533 pecuniam
1372 1492 1451 1533 pro

113 1535 380 1579 facultatibus
402 1538 482 1579 suis
504 1538 755 1579 conferrent.
817 1538 922 1579 Haec
965 1537 1036 1578 ubi
1068 1537 1194 1588 faeta,
1227 1537 1454 1578 decemviri

117 1596 269 1638 Ardeae
292 1596 334 1636 in
357 1597 448 1638 foro
470 1598 695 1653 majoribus
735 1597 878 1638 hostiis
913 1596 1206 1638 sacrificarunt,
1241 1593 1452 1651 postremo

119 1657 217 1712 (17)
245 1656 472 1697 Decembri
499 1658 585 1712 jam
621 1657 758 1697 mense
780 1658 829 1697 ad
848 1657 979 1697 aedem
1002 1656 1170 1697 Saturni
1191 1656 1341 1696 Romae
1374 1655 1455 1695 im·-

118 1716 321 1756 molatum
338 1714 412 1768 est,
443 1716 824 1770 leelisterniumque
847 1716 1110 1770 imperatum,
1144 1717 1202 1770 (et
1236 1728 1333 1756 eum
1368 1714 1453 1755 lec-

119 1780 211 1813 tum
228 1774 432 1815 senatores
453 1775 697 1830 straverunt)
720 1785 760 1815 et
782 1774 1017 1816 convivium
1034 1773 1275 1827 publicum3
1309 1787 1355 1814 ac
1377 1785 1454 1828 per

119 1831 265 1874 urbem
286 1833 518 1874 Saturnalia
534 1834 644 1874 diem
666 1849 712 1875 ac
730 1834 898 1875 nocC‘oem
927 1834 1151 1874 clamatum
1181 1834 1289 1890 (18),
1321 1846 1456 1886 popu-

121 1951 201 1993 (13)
224 1948 520 1986 Drakenborchius
547 1953 652 1997 wls-se
664 1954 842 1986 delendum
859 1953 975 1985 censet.
994 1952 1107 1993 Vid.†
1123 1957 1248 1990 versere,
1271 1951 1363 1983 sensu
1381 1949 1454 1993 pas-

121 1997 200 2029 slvo.
242 1999 321 2039 (¹⁷4)
346 2001 433 2032 Infra
451 2000 474 2032 l.
492 2010 545 2040 37.
568 2011 594 2032 c.
616 2010 649 2039 3.
671 2003 822 2031 decemviri
848 2004 923 2030 meve
945 2000 1111 2030 laffientibus
1139 2011 1196 2029 rem
1222 2000 1354 2028 divinam
1371 1999 1454 2037 fece-

122 2052 205 2076 runt.
253 2046 398 2089 Qando
422 2049 504 2077 vero
534 2047 683 2088 majores,
706 2046 841 2087 quando
867 2046 1027 2076 lactentes
1054 2044 1166 2076 hostite
1191 2043 1456 2081 immolarentur,

122 2089 194 2122 haec
210 2098 304 2122 notat
323 2092 454 2123 Servius
471 2093 513 2123 ad
529 2094 622 2134 Virg.
639 2092 661 2123 l.
683 2101 737 2122 12.
763 2093 843 2122 AEn.
861 2102 894 2121 v-
915 2100 991 2130 170.
1041 2092 1077 2121 In
1101 2091 1193 2126 rebus,
1215 2103 1286 2131 quas
1316 2090 1454 2119 velebant

109 2137 205 2179 finiri
224 2137 350 2175 celerius,
359 2145 386 2167 et
390 2139 507 2179 senibus
521 2141 621 2180 etjam
637 2133 862 2179 desudantibus
879 2138 1054 2168 animalibus
1073 2136 1279 2179 sacrficabant
1293 2150 1301 2170 ;
1328 2137 1357 2164 in
1373 2135 1456 2164 rebus

123 2183 205 2219 verti,
227 2191 301 2220 quas
326 2187 426 2225 augeri
441 2191 467 2214 et
483 2184 651 2226 corfirma'ri
665 2178 810 2221 volebant,
830 2184 862 2214 de
882 2184 1035 2213 minoribus
1047 2189 1074 2213 et
1092 2183 1181 2212 adhuc
1196 2180 1372 2222 crescentibus
1398 2182 1456 2211 im-

124 2229 276 2260 molabant.
326 2229 406 2270 (15)
428 2231 629 2270 Profarcntur
646 2229 758 2271 plures
789 2228 854 2260 viri
882 2227 974 2260 doeti
999 2227 1175 2270 legendum
1197 2233 1343 2257 monent.
1392 2226 1456 2257 Ce-

124 2274 235 2306 terum
262 2273 371 2315 placet
394 2274 494 2306 etiam
527 2276 620 2305 Divis
648 2285 712 2316 pro
736 2277 829 2306 Divi.
853 2276 1076 2316 quemadmodum
1099 2274 1178 2303 cordi
1203 2272 1253 2314 effi
1269 2272 1377 2308 Divis,
1398 2270 1457 2302 seu.

126 2319 199 2351 Diis
212 2318 353 2362 placere,
375 2330 414 2350 ex
430 2321 603 2351 carminibus
611 2322 817 2362 profarentur,
838 2320 891 2351 seu
907 2318 1181 2361 pronunciarent,
1195 2328 1314 2359 nempe
1327 2317 1460 2347 decem-

127 2365 203 2397 viri.
253 2365 332 2407 (¹6)
356 2364 605 2397 Libertinarum
634 2367 706 2397 Dea
727 2373 798 2397 erat
832 2364 980 2396 Feronia.
1029 2364 1109 2404 (17)
1134 2363 1284 2405 lntellige
1312 2361 1458 2393 mensem

126 2411 348 2443 Decembrem
376 2411 474 2453 hujus
497 2411 597 2453 ipfius
627 2411 717 2449 anni,
740 2410 798 2452 qui
814 2411 963 2442 consules
991 2408 1109 2440 habuit
1127 2408 1324 2440 Flaminium
1338 2415 1369 2439 et
1387 2408 1462 2438 Ser-

126 2456 257 2489 vilium.
302 2455 468 2488 Nimirum
495 2455 551 2489 hle
580 2457 697 2489 Livius
726 2456 761 2487 in
789 2467 895 2487 unum
924 2455 1049 2497 colligit
1089 2454 1248 2496 quicquid
1278 2453 1343 2485 hoc
1371 2463 1462 2485 anno

130 2502 348 2546 procurandis
365 2502 451 2534 hisce
467 2502 626 2545 prodigiis
643 2504 769 2534 faustum
797 2502 854 2534 est.
899 2501 980 2542 (18)
1003 2500 1191 2532 Clamatum
1207 2498 1262 2538 est,
1284 2500 1338 2531 seu
1354 2509 1466 2541 popu-

129 2550 181 2581 lus
194 2548 370 2586 clamabat,
393 2548 579 2580 Saturnalia.
628 2550 840 2580 Burmannus
865 2547 1042 2589 legendum
1058 2545 1192 2588 conjicit
1208 2547 1242 2577 Io
1256 2544 1437 2577 Saturnalia
1453 2557 1464 2576 ι

129 2593 336 2632 Gronovius,
373 2595 552 2626 Saturnalia
577 2619 584 2625 .
607 2617 616 2625 .
642 2617 650 2625 .
673 2597 821 2626 clamata.
884 2591 951 2624 Hic
989 2592 1177 2624 Saturnalia
1220 2602 1312 2622 novo
1351 2590 1466 2622 edicto

117 2639 265 2677 sancita,
286 2650 355 2671 non
381 2647 453 2672 tum
481 2640 626 2682 primum
652 2639 798 2671 instituta
826 2637 967 2681 intelligi
997 2638 1130 2670 debent.
1178 2636 1346 2679 Siquidem
1365 2634 1469 2678 supra

132 2686 153 2716 l.
174 2695 202 2718 2.
229 2697 254 2717 c.
275 2695 330 2717 21.
355 2693 522 2717 trecentos
538 2688 606 2717 fere
617 2688 693 2718 ante
710 2684 1011 2718 annosinstitutum
1039 2682 1102 2716 effe
1125 2685 1213 2717 diem
1226 2682 1343 2716 festum
1356 2682 1466 2712 Satur·

133 2731 222 2763 nalia
237 2730 353 2762 Livius
365 2732 431 2771 jam
444 2731 651 2763 memoravit.

193 2797 316 2836 Toxi.
342 2794 417 2833 ΙΙΙ,
786 2794 831 2833 G
1322 2789 1467 2845 Iusque

1619 188 1670 227 ex

1471 811 1648 844 Procurata,
