1834 3099
122 228 205 280 246

119 1118 208 1150 Acri:
214 1124 326 1161 pugn:-

842 228 894 273 T.
956 228 1179 273 LIVII

345 357 391 385 ac
414 343 809 388 senatusconsultum
830 346 1029 388 recitavit.
1098 347 1163 389 Ad
1186 361 1278 402 quae
1300 347 1454 388 elamor
1489 358 1584 386 cum
1607 341 1670 382 in-

343 403 456 460 genti
480 403 632 444 affensu
653 404 710 445 est
733 405 927 447 sublatus.
949 420 1131 462 pugnam
1160 405 1395 462 poscebant,
1427 405 1670 460 signumque

344 472 391 502 ut
414 462 528 504 daret
545 465 769 518 extemplo,
800 464 994 506 ferociter
1016 463 1230 506 instabant.
1298 464 1537 513 Gracchus,
1560 474 1672 518 proe-

343 521 400 563 lio
437 521 478 562 in
515 521 721 576 posterum
757 524 867 564 diem
905 524 1193 578 pronunciato,
1225 523 1470 565 concionem
1504 520 1669 562 dimifit.

344 580 508 622 Milites
537 581 619 622 laeti
666 582 873 638 praecipue‘
895 582 1046 638 quibus
1079 597 1236 624 merces
1270 592 1427 625 navatae
1459 582 1502 623 in
1538 593 1669 622 unum

345 639 455 680 diem
477 653 611 694 operae
635 640 800 686 libertas
829 640 970 683 futura
991 653 1095 694 erat,
1127 642 1251 683 armis
1271 640 1537 697 expediendis
1558 638 1671 695 quod

344 698 551 752 reliquum
577 703 637 753 (4)
660 699 922 741 consumunt.

403 756 503 799 XV.
536 757 705 798 Postero
741 759 821 808 die,
854 758 922 799 ubi
960 759 1067 815 signa
1101 768 1317 814 coeperunt
1351 772 1515 809 canere,
1546 754 1670 812 primi

343 816 533 856 omnium
555 818 684 872 parati
706 817 977 873 instruilique
996 820 1044 857 ad
1063 819 1302 873 praetorium
1324 817 1577 859 conveniunt
1591 816 1670 869 (1).

343 872 439 915 Sole
461 887 567 924 orto,
601 876 819 917 Gracchus
841 878 882 917 in
905 877 1033 918 aciem
1074 877 1211 932 copias
1248 877 1400 918 educit.
1424 890 1500 917 nec
1533 873 1670 915 hostes

342 946 504 975 moram
540 934 763 975 dimicandi
797 935 998 976 fecerunt.
1071 936 1229 977 Decem
1271 939 1311 978 &
1350 935 1504 990 septem
1541 932 1670 974 millia

341 993 530 1048 peditum
549 1007 679 1042 erant,
702 993 880 1034 maxim&
898 1008 946 1033 ex
964 1004 1076 1050 parte
1090 995 1240 1035 Bruttii
1259 1009 1304 1035 ac
1320 993 1493 1036 Lucani.
1510 991 1671 1046 equites

343 1051 456 1091 mille
479 1052 644 1093 ducenti
664 1069 678 1102 ;
710 1052 816 1094 inter
839 1067 942 1108 quos
974 1054 1094 1108 pauci
1118 1053 1343 1094 admodum
1366 1052 1514 1102 Italici,
1543 1049 1669 1092 ceteri

343 1108 543 1150 Numidae
568 1109 654 1152 fere
676 1125 821 1151 omnes
866 1114 878 1136 x
899 1112 1099 1165 ‘aurique
1159 1112 1396 1163 Pugnatum
1419 1111 1477 1152 est
1503 1113 1541 1151 &
1567 1109 1671 1150 acri-

344 1178 423 1217 ter‚
450 1170 487 1208 δι
505 1168 585 1208 diu.
608 1179 787 1222 quatuor
807 1169 920 1211 horis
939 1167 1089 1211 neutro
1112 1170 1307 1212 inclinata
1322 1170 1379 1210 est
1397 1183 1560 1225 pugna:
1592 1182 1669 1208 nec

343 1227 420 1268 alia
441 1227 572 1282 magis
590 1228 831 1270 Romanum
862 1228 1111 1285 impediebat
1133 1243 1213 1279 res,
1247 1227 1372 1282 quam
1406 1228 1541 1283 capita
1578 1225 1672 1267 hos-

342 1285 448 1327 tium
470 1286 600 1340 pretia
622 1287 800 1328 libertati
825 1291 887 1341 (2)
911 1287 1036 1328 facta.
1099 1288 1209 1328 Nam
1243 1298 1287 1328 ut
1320 1287 1491 1341 quisque
1508 1285 1668 1326 hostem

341 1344 517 1399 impigre
538 1345 759 1395 occiderat,
792 1344 975 1401 primum
992 1346 1123 1402 capite
1146 1360 1252 1402 aegre
1289 1346 1396 1387 inter
1417 1345 1578 1387 turbam
1603 1356 1669 1385 tu-

341 1405 605 1458 multumque
629 1407 690 1459 (3)
713 1404 958 1447 abscidendo
993 1417 1157 1461 tempus
1186 1404 1369 1446 terebat:
1401 1405 1567 1456 deinde,
1597 1417 1668 1444 oc-

341 1461 489 1516 cupat&
513 1464 655 1505 dextr&
675 1465 855 1505 tenendo
877 1475 1017 1520 caput,
1049 1464 1286 1507 fortiffimus
1308 1464 1478 1520 quisque
1510 1477 1669 1519 pugna-

338 1530 405 1562 tor
427 1521 502 1561 effe
523 1521 720 1564 deflerat:
752 1523 940 1579 segnibus
962 1538 1009 1567 ac
1032 1524 1187 1566 timidis
1219 1524 1364 1564 tradita
1399 1537 1538 1579 pugna
1566 1529 1668 1562 erat.

341 1578 467 1637 Qod
492 1580 560 1620 ubi
598 1581 753 1622 tribuni
776 1583 955 1624 militum
980 1594 985 1611 ='
1021 1581 1171 1624 raccho
1199 1583 1518 1632 nunciaverunt,
1550 1582 1667 1622 nemi-

340 1654 423 1678 nem
429 1639 597 1695 stantem
627 1641 706 1687 ivm
738 1641 940 1682 vulnerari
966 1641 1119 1699 hostem,
1150 1640 1373 1695 carnificari
1388 1644 1578 1697 jacentes,
1613 1640 1668 1682 {9³

338 1699 381 1737 in
402 1698 546 1738 dextris
567 1699 728 1740 militum
744 1710 814 1754 pro
830 1701 971 1755 gladiis
983 1700 1150 1741 humana
1177 1703 1302 1754 capita
1329 1701 1420 1757 ff.-
1449 1706 1475 1754 †
1506 1700 1665 1755 signum

338 1756 427 1796 dari
450 1770 620 1812 propere
638 1774 652 1815 J
661 1758 764 1808 uffit,
797 1761 1020 1815 prqjicerent
1035 1761 1175 1813 capita,
1208 1759 1502 1814 invaderentque
1516 1758 1664 1816 hqlffem.

341 1812 501 1856 Claram
531 1816 624 1862 satis
653 1818 706 1859 {9³
733 1816 904 1872 issfignem
944 1820 1128 1859 virtutem
1148 1819 1211 1874 effi
1227 1837 1240 1858 :
1274 1834 1338 1859 nec
1366 1818 1518 1859 dubiam
1553 1818 1665 1857 liber-

337 1881 451 1913 tatem
477 1874 666 1930 fiaeturam
692 1876 866 1932 strenuis
896 1878 1010 1917 viris.
1071 1876 1184 1917 Tum
1218 1877 1495 1933 redintegrata
1526 1889 1666 1932 pugna

338 1930 411 1983 est,
445 1935 487 1974 δε
509 1947 637 1989 eques
669 1935 873 1978 etiam‘in
907 1935 1068 1978 hostem
1103 1935 1282 1977 emissus.
1345 1935 1512 1990 Quibus
1533 1949 1665 1990 quum

1491 2007 1667 2050 impigre

328 2123 455 2201 {ereren
485 2125 560 2167 quod
579 2137 595 2156 e
621 2124 766 2168 republica
787 2127 896 2158 duceret
919 2126 979 2171 effi.
1026 2126 1085 2168 (4)
1107 2125 1258 2170 Intellige
1283 2125 1376 2170 quod
1402 2124 1570 2168 reliquum
1597 2123 1663 2157 diei

355 2176 411 2200 uit.

385 2247 424 2278 C.
455 2255 510 2285 ¹5·
555 2246 612 2288 (x)
637 2248 767 2290 Nempe
792 2250 938 2281 volones.
989 2246 1046 2291 (2)
1069 2249 1196 2282 Eodem
1219 2250 1322 2281 modo
1349 2248 1477 2281 dictum
1503 2248 1560 2287 est,
1593 2259 1663 2291 quo

337 2293 410 2323 locus
422 2293 568 2332 fiditiom',
589 2297 786 2325 munimentum
803 2296 941 2333 libertati,
964 2296 995 2325 ἂ
1013 2295 1140 2328 fimilia.
1171 2296 1213 2328 de
1239 2294 1359 2336 quibus
1386 2294 1457 2327 vid.
1481 2302 1553 2327 not·
1573 2296 1604 2325 h.
1620 2295 1663 2327 ad

337 2347 369 2369 c.
384 2346 400 2375 3
411 2347 435 2370 7.
452 2336 474 2370 l.
490 2347 522 2377 3.
540 2337 649 2381 supra.
697 2340 754 2379 (3)
770 2340 849 2372 Duo
866 2340 927 2373 effe
943 2341 1047 2373 verba
1061 2343 1199 2384 abscidere
1216 2341 1248 2372 δε
1265 2339 1509 2382 alfiinderesatis
1525 2339 1663 2379 constat,

337 2391 375 2413 cx
404 2382 590 2424 quantitate
617 2384 805 2426 penultimae
832 2385 866 2418 in
894 2386 1082 2428 praeteritis,
1105 2397 1204 2428 quam
1231 2387 1295 2418 hoc
1323 2385 1474 2428 corripit,
1495 2385 1579 2417 illud
1601 2386 1661 2427 (ex

334 2430 408 2459 σιώ
431 2428 644 2461 descendens‘v
671 2430 839 2471 producit.
888 2431 980 2475 Virg.
1003 2432 1025 2464 1.
1045 2442 1076 2473 3.
1101 2434 1182 2465 AEn.
1200 2443 1233 2464 v.
1248 2431 1327 2472 418,
1379 2433 1549 2474 Hesperium
1566 2431 1661 2462 Siculo

335 2474 410 2503 latus
436 2475 564 2514 abscidlt.
611 2476 737 2507 Contra
764 2479 830 2509 OV.
857 2477 876 2508 l.
906 2487 958 2510 12.
1007 2479 1093 2510 Met.
1110 2489 1143 2509 V.
1162 2477 1237 2518 362.
1284 2479 1412 2519 Abscidit
1425 2478 1530 2520 jugulo
1548 2481 1658 2519 pellas.

338 2517 428 2550 nlius
443 2519 658 2561 participium
673 2523 816 2564 “ffiffi‘U
842 2523 940 2564 hujus
956 2524 1092 2566 absctffus.
1140 2525 1299 2567 Qxaenam
1321 2530 1432 2554 autem
1455 2521 1542 2553 inter
1566 2529 1661 2554 utra-

336 2572 401 2605 que
419 2563 484 2595 haec
502 2565 602 2596 fuerit
619 2565 817 2603 differentia,
836 2579 904 2600 non
922 2579 982 2611 per
1002 2569 1113 2601 omnia
1135 2568 1302 2602 convenit.
1348 2570 1431 2600 Sunt
1448 2566 1505 2609 qui
1521 2568 1661 2610 abfiidere

336 2608 562 2640 adhibendum
592 2611 711 2644 volunt
739 2613 760 2644 fi
789 2614 829 2644 de
855 2622 950 2656 parte
978 2614 1088 2656 aliquz'i
1120 2613 1271 2656 corporis
1299 2613 1435 2646 humani
1460 2612 1659 2646 detruncati

336 2653 463 2685 mentio
479 2654 557 2692 5³13
579 2657 746 2698 ulfi-indere,
769 2658 789 2689 fi
807 2659 848 2690 de
861 2659 932 2690 aliis
948 2660 1045 2691 rebus
1061 2659 1098 2691 sit
1115 2660 1233 2698 sermo,
1252 2670 1322 2701 quae
1339 2658 1371 2690 vi
1389 2657 1499 2700 aliqui
1523 2658 1659 2691 abrum-

335 2707 476 2740 puntur.
524 2701 575 2734 Dc
591 2701 760 2736 locutione
776 2707 867 2749 capite
881 2705 1035 2746 abscidendo
1051 2705 1120 2739 vid.
1141 2713 1211 2738 not.
1232 2714 1262 2746 3.
1281 2706 1323 2738 ad
1340 2715 1367 2737 c.
1383 2714 1441 2744 53.
1460 2704 1480 2735 Ι.
1499 2713 1528 2735 1.
1548 2704 1657 2746 supra.

1380 2751 1439 2794 (4)
1461 2750 1656 2792 Legendum
