<?xml version="1.0" encoding="UTF-8"?>
<!DOCTYPE html PUBLIC "-//W3C//DTD XHTML 1.0 Transitional//EN"
    "http://www.w3.org/TR/xhtml1/DTD/xhtml1-transitional.dtd">
<html xmlns="http://www.w3.org/1999/xhtml" xml:lang="en" lang="en">
 <head>
  <title>
</title>
<meta http-equiv="Content-Type" content="text/html;charset=utf-8" />
  <meta name='ocr-system' content='tesseract 3.04.00' />
  <meta name='ocr-capabilities' content='ocr_page ocr_carea ocr_par ocr_line ocrx_word'/>
</head>
<body>
  <div class='ocr_page' id='page_1' title='image "./historiaeromanae02livyuoft_0614.png"; bbox 0 0 1834 3099; ppageno 0'>
   <div class='ocr_carea' id='block_1_1' title="bbox 824 167 1120 211">
    <p class='ocr_par' dir='ltr' id='par_1_1' title="bbox 824 167 1120 211">
     <span class='ocr_line' id='line_1_1' title="bbox 824 167 1120 211; baseline -0.007 0"><span class='ocrx_word' id='word_1_1' title='bbox 824 168 877 211; x_wconf 94' lang='lat' dir='ltr'>T.</span> <span class='ocrx_word' id='word_1_2' title='bbox 922 167 1120 210; x_wconf 87' lang='lat' dir='ltr'>LIVII</span> 
     </span>
    </p>
   </div>
   <div class='ocr_carea' id='block_1_2' title="bbox 320 279 1679 932">
    <p class='ocr_par' dir='ltr' id='par_1_2' title="bbox 320 279 1679 932">
     <span class='ocr_line' id='line_1_2' title="bbox 320 279 1652 344; baseline -0.011 -11"><span class='ocrx_word' id='word_1_3' title='bbox 320 304 544 344; x_wconf 82' lang='lat' dir='ltr'>nuamque,</span> <span class='ocrx_word' id='word_1_4' title='bbox 589 288 712 329; x_wconf 84' lang='lat' dir='ltr'>nullis</span> <span class='ocrx_word' id='word_1_5' title='bbox 749 286 942 342; x_wconf 78' lang='lat' dir='ltr'>praesidiis</span> <span class='ocrx_word' id='word_1_6' title='bbox 978 284 1226 326; x_wconf 82' lang='lat' dir='ltr'>maritimam</span> <span class='ocrx_word' id='word_1_7' title='bbox 1257 296 1371 323; x_wconf 85' lang='lat' dir='ltr'>oram</span> <span class='ocrx_word' id='word_1_8' title='bbox 1404 279 1652 329; x_wconf 81' lang='lat' dir='ltr'>tutantibus,</span> 
     </span>
     <span class='ocr_line' id='line_1_3' title="bbox 320 338 1652 405; baseline -0.011 -13"><span class='ocrx_word' id='word_1_9' title='bbox 320 350 535 405; x_wconf 79' lang='lat' dir='ltr'>repentino</span> <span class='ocrx_word' id='word_1_10' title='bbox 558 350 734 389; x_wconf 81' lang='lat' dir='ltr'>adventu</span> <span class='ocrx_word' id='word_1_11' title='bbox 758 346 877 400; x_wconf 86' lang='lat' dir='ltr'><strong>cepit.</strong></span> <span class='ocrx_word' id='word_1_12' title='bbox 901 345 996 386; x_wconf 87' lang='lat' dir='ltr'>inde</span> <span class='ocrx_word' id='word_1_13' title='bbox 1019 345 1069 384; x_wconf 87' lang='lat' dir='ltr'>ad</span> <span class='ocrx_word' id='word_1_14' title='bbox 1102 357 1216 383; x_wconf 86' lang='lat' dir='ltr'>oram</span> <span class='ocrx_word' id='word_1_15' title='bbox 1248 341 1450 396; x_wconf 84' lang='lat' dir='ltr'>Ligurum</span> <span class='ocrx_word' id='word_1_16' title='bbox 1477 338 1652 394; x_wconf 89' lang='lat' dir='ltr'>Alpino-</span> 
     </span>
     <span class='ocr_line' id='line_1_4' title="bbox 322 397 1650 461; baseline -0.01 -11"><span class='ocrx_word' id='word_1_17' title='bbox 322 424 433 460; x_wconf 91' lang='lat' dir='ltr'>rum,</span> <span class='ocrx_word' id='word_1_18' title='bbox 466 409 491 448; x_wconf 85' lang='lat' dir='ltr'>fi</span> <span class='ocrx_word' id='word_1_19' title='bbox 525 422 628 461; x_wconf 86' lang='lat' dir='ltr'>quos</span> <span class='ocrx_word' id='word_1_20' title='bbox 670 406 725 446; x_wconf 89' lang='lat' dir='ltr'>ibi</span> <span class='ocrx_word' id='word_1_21' title='bbox 761 414 896 444; x_wconf 82' lang='lat' dir='ltr'>motus</span> <span class='ocrx_word' id='word_1_22' title='bbox 924 403 1057 444; x_wconf 83' lang='lat' dir='ltr'>facere</span> <span class='ocrx_word' id='word_1_23' title='bbox 1094 401 1234 456; x_wconf 79' lang='lat' dir='ltr'>posset,</span> <span class='ocrx_word' id='word_1_24' title='bbox 1282 401 1440 441; x_wconf 83' lang='lat' dir='ltr'>claffem</span> <span class='ocrx_word' id='word_1_25' title='bbox 1477 397 1650 454; x_wconf 81' lang='lat' dir='ltr'>appulit.</span> 
     </span>
     <span class='ocr_line' id='line_1_5' title="bbox 323 458 1655 524; baseline -0.011 -15"><span class='ocrx_word' id='word_1_26' title='bbox 323 467 499 524; x_wconf 77' lang='lat' dir='ltr'>Ingauni</span> <span class='ocrx_word' id='word_1_27' title='bbox 519 467 739 521; x_wconf 78' lang='lat' dir='ltr'>(Ligurum</span> <span class='ocrx_word' id='word_1_28' title='bbox 757 477 802 503; x_wconf 85' lang='lat' dir='ltr'>ea</span> <span class='ocrx_word' id='word_1_29' title='bbox 825 477 924 518; x_wconf 79' lang='lat' dir='ltr'>gens</span> <span class='ocrx_word' id='word_1_30' title='bbox 941 462 1022 517; x_wconf 81' lang='lat' dir='ltr'>est)</span> <span class='ocrx_word' id='word_1_31' title='bbox 1044 462 1198 502; x_wconf 84' lang='lat' dir='ltr'>bellum</span> <span class='ocrx_word' id='word_1_32' title='bbox 1218 459 1263 499; x_wconf 67' lang='lat' dir='ltr'>ea</span> <span class='ocrx_word' id='word_1_33' title='bbox 1286 458 1523 514; x_wconf 86' lang='lat' dir='ltr'>tempestate</span> <span class='ocrx_word' id='word_1_34' title='bbox 1539 469 1655 512; x_wconf 84' lang='lat' dir='ltr'>gere-</span> 
     </span>
     <span class='ocr_line' id='line_1_6' title="bbox 324 516 1654 579; baseline -0.011 -12"><span class='ocrx_word' id='word_1_35' title='bbox 324 527 424 568; x_wconf 86' lang='lat' dir='ltr'>bant</span> <span class='ocrx_word' id='word_1_36' title='bbox 458 539 553 566; x_wconf 88' lang='lat' dir='ltr'>cum</span> <span class='ocrx_word' id='word_1_37' title='bbox 585 522 814 579; x_wconf 77' lang='lat' dir='ltr'>Epanteriis</span> <span class='ocrx_word' id='word_1_38' title='bbox 851 520 1068 561; x_wconf 84' lang='lat' dir='ltr'>montanis.</span> <span class='ocrx_word' id='word_1_39' title='bbox 1129 519 1261 575; x_wconf 82' lang='lat' dir='ltr'>Igitur</span> <span class='ocrx_word' id='word_1_40' title='bbox 1294 519 1464 567; x_wconf 80' lang='lat' dir='ltr'>Poenus,</span> <span class='ocrx_word' id='word_1_41' title='bbox 1493 516 1654 557; x_wconf 84' lang='lat' dir='ltr'>Savone</span> 
     </span>
     <span class='ocr_line' id='line_1_7' title="bbox 327 573 1654 640; baseline -0.01 -15"><span class='ocrx_word' id='word_1_42' title='bbox 327 585 479 640; x_wconf 89' lang='lat' dir='ltr'>oppido</span> <span class='ocrx_word' id='word_1_43' title='bbox 505 583 659 637; x_wconf 82' lang='lat' dir='ltr'>Alpino</span> <span class='ocrx_word' id='word_1_44' title='bbox 690 581 826 637; x_wconf 60' lang='lat' dir='ltr'>praed&amp;</span> <span class='ocrx_word' id='word_1_45' title='bbox 848 579 1042 635; x_wconf 63' lang='lat' dir='ltr'>deposita,</span> <span class='ocrx_word' id='word_1_46' title='bbox 1079 581 1116 619; x_wconf 72' lang='lat'>8&lt;</span> <span class='ocrx_word' id='word_1_47' title='bbox 1141 579 1283 618; x_wconf 83' lang='lat' dir='ltr'>decem</span> <span class='ocrx_word' id='word_1_48' title='bbox 1316 576 1450 632; x_wconf 83' lang='lat' dir='ltr'>longis</span> <span class='ocrx_word' id='word_1_49' title='bbox 1482 573 1654 615; x_wconf 89' lang='lat' dir='ltr'>navibus</span> 
     </span>
     <span class='ocr_line' id='line_1_8' title="bbox 329 634 1679 696; baseline -0.01 -12"><span class='ocrx_word' id='word_1_50' title='bbox 329 645 371 684; x_wconf 87' lang='lat' dir='ltr'>in</span> <span class='ocrx_word' id='word_1_51' title='bbox 410 643 580 683; x_wconf 79' lang='lat' dir='ltr'>statione</span> <span class='ocrx_word' id='word_1_52' title='bbox 623 643 673 682; x_wconf 88' lang='lat' dir='ltr'>ad</span> <span class='ocrx_word' id='word_1_53' title='bbox 710 639 939 696; x_wconf 77' lang='lat' dir='ltr'>praesidium</span> <span class='ocrx_word' id='word_1_54' title='bbox 973 637 1142 685; x_wconf 59' lang='lat' dir='ltr'>relictis,</span> <span class='ocrx_word' id='word_1_55' title='bbox 1175 635 1320 676; x_wconf 82' lang='lat' dir='ltr'>ceteris</span> <span class='ocrx_word' id='word_1_56' title='bbox 1356 634 1679 689; x_wconf 80' lang='lat' dir='ltr'>Karthaginem.</span> 
     </span>
     <span class='ocr_line' id='line_1_9' title="bbox 329 690 1660 749; baseline -0.009 -6"><span class='ocrx_word' id='word_1_57' title='bbox 329 701 453 743; x_wconf 85' lang='lat' dir='ltr'>miffis</span> <span class='ocrx_word' id='word_1_58' title='bbox 475 702 524 742; x_wconf 86' lang='lat' dir='ltr'>ad</span> <span class='ocrx_word' id='word_1_59' title='bbox 548 703 743 741; x_wconf 85' lang='lat' dir='ltr'>tuendam</span> <span class='ocrx_word' id='word_1_60' title='bbox 777 697 1022 738; x_wconf 87' lang='lat' dir='ltr'>maritimam</span> <span class='ocrx_word' id='word_1_61' title='bbox 1043 710 1172 743; x_wconf 82' lang='lat' dir='ltr'>oram,</span> <span class='ocrx_word' id='word_1_62' title='bbox 1207 694 1302 749; x_wconf 84' lang='lat' dir='ltr'>quia</span> <span class='ocrx_word' id='word_1_63' title='bbox 1331 692 1440 734; x_wconf 83' lang='lat' dir='ltr'>fama</span> <span class='ocrx_word' id='word_1_64' title='bbox 1462 703 1548 733; x_wconf 87' lang='lat' dir='ltr'>erat</span> <span class='ocrx_word' id='word_1_65' title='bbox 1569 690 1660 732; x_wconf 83' lang='lat' dir='ltr'>Sci-</span> 
     </span>
     <span class='ocr_line' id='line_1_10' title="bbox 329 749 1661 817; baseline -0.01 -15"><span class='ocrx_word' id='word_1_66' title='bbox 329 762 497 817; x_wconf 80' lang='lat' dir='ltr'>pionem</span> <span class='ocrx_word' id='word_1_67' title='bbox 530 759 802 815; x_wconf 66' lang='lat' dir='ltr'>traje&amp;urum</span> <span class='ocrx_word' id='word_1_68' title='bbox 838 757 929 806; x_wconf 87' lang='lat' dir='ltr'>effe,</span> <span class='ocrx_word' id='word_1_69' title='bbox 962 755 1059 811; x_wconf 89' lang='lat' dir='ltr'>ipse,</span> <span class='ocrx_word' id='word_1_70' title='bbox 1091 753 1280 796; x_wconf 83' lang='lat' dir='ltr'>societate</span> <span class='ocrx_word' id='word_1_71' title='bbox 1318 767 1413 794; x_wconf 89' lang='lat' dir='ltr'>cum</span> <span class='ocrx_word' id='word_1_72' title='bbox 1446 749 1661 806; x_wconf 79' lang='lat' dir='ltr'>Ingaunis,</span> 
     </span>
     <span class='ocr_line' id='line_1_11' title="bbox 331 808 1662 875; baseline -0.01 -14"><span class='ocrx_word' id='word_1_73' title='bbox 331 833 509 875; x_wconf 89' lang='lat' dir='ltr'>quorum</span> <span class='ocrx_word' id='word_1_74' title='bbox 539 818 711 873; x_wconf 84' lang='lat' dir='ltr'>gratiam</span> <span class='ocrx_word' id='word_1_75' title='bbox 734 814 925 864; x_wconf 86' lang='lat' dir='ltr'>malebat,</span> <span class='ocrx_word' id='word_1_76' title='bbox 956 813 1192 869; x_wconf 65' lang='lat' dir='ltr'>composita,</span> <span class='ocrx_word' id='word_1_77' title='bbox 1226 822 1447 852; x_wconf 84' lang='lat' dir='ltr'>montanos</span> <span class='ocrx_word' id='word_1_78' title='bbox 1468 808 1662 865; x_wconf 86' lang='lat' dir='ltr'>(3)insti-</span> 
     </span>
     <span class='ocr_line' id='line_1_12' title="bbox 331 868 1661 932; baseline -0.008 -13"><span class='ocrx_word' id='word_1_79' title='bbox 331 879 411 919; x_wconf 89' lang='lat' dir='ltr'>tuit</span> <span class='ocrx_word' id='word_1_80' title='bbox 431 890 680 932; x_wconf 77' lang='lat' dir='ltr'>oppugnare.</span> <span class='ocrx_word' id='word_1_81' title='bbox 746 874 797 914; x_wconf 83' lang='lat' dir='ltr'>Et</span> <span class='ocrx_word' id='word_1_82' title='bbox 818 872 1022 914; x_wconf 87' lang='lat' dir='ltr'>crescebat</span> <span class='ocrx_word' id='word_1_83' title='bbox 1036 872 1242 913; x_wconf 80' lang='lat' dir='ltr'>exercitus</span> <span class='ocrx_word' id='word_1_84' title='bbox 1260 871 1301 910; x_wconf 90' lang='lat' dir='ltr'>in</span> <span class='ocrx_word' id='word_1_85' title='bbox 1319 870 1420 919; x_wconf 84' lang='lat' dir='ltr'>dies,</span> <span class='ocrx_word' id='word_1_86' title='bbox 1439 871 1488 909; x_wconf 89' lang='lat' dir='ltr'>ad</span> <span class='ocrx_word' id='word_1_87' title='bbox 1506 868 1661 909; x_wconf 87' lang='lat' dir='ltr'>famam</span> 
     </span>
    </p>
   </div>
   <div class='ocr_carea' id='block_1_3' title="bbox 264 928 1665 991">
    <p class='ocr_par' dir='ltr' id='par_1_3' title="bbox 264 928 1665 991">
     <span class='ocr_line' id='line_1_13' title="bbox 264 928 1665 991; baseline -0.008 -14"><span class='ocrx_word' id='word_1_88' title='bbox 264 971 275 986; x_wconf 82' lang='lat'><em>‚</em></span> <span class='ocrx_word' id='word_1_89' title='bbox 332 936 511 984; x_wconf 79' lang='lat' dir='ltr'>nominis</span> <span class='ocrx_word' id='word_1_90' title='bbox 544 936 632 991; x_wconf 83' lang='lat' dir='ltr'>ejus</span> <span class='ocrx_word' id='word_1_91' title='bbox 657 932 789 975; x_wconf 82' lang='lat' dir='ltr'>Gallis</span> <span class='ocrx_word' id='word_1_92' title='bbox 826 931 1009 986; x_wconf 87' lang='lat' dir='ltr'>undique</span> <span class='ocrx_word' id='word_1_93' title='bbox 1030 929 1345 971; x_wconf 86' lang='lat' dir='ltr'>confluentibus.</span> <span class='ocrx_word' id='word_1_94' title='bbox 1411 932 1472 982; x_wconf 86' lang='lat'>(4)</span> <span class='ocrx_word' id='word_1_95' title='bbox 1495 928 1552 968; x_wconf 86' lang='lat' dir='ltr'>Ea</span> <span class='ocrx_word' id='word_1_96' title='bbox 1572 928 1665 967; x_wconf 86' lang='lat' dir='ltr'>lite-</span> 
     </span>
    </p>
   </div>
   <div class='ocr_carea' id='block_1_4' title="bbox 332 987 1684 1811">
    <p class='ocr_par' dir='ltr' id='par_1_4' title="bbox 332 987 1684 1811">
     <span class='ocr_line' id='line_1_14' title="bbox 332 987 1664 1049; baseline -0.008 -14"><span class='ocrx_word' id='word_1_97' title='bbox 332 996 388 1036; x_wconf 83' lang='lat' dir='ltr'>ris</span> <span class='ocrx_word' id='word_1_98' title='bbox 405 993 570 1049; x_wconf 87' lang='lat' dir='ltr'>cognita</span> <span class='ocrx_word' id='word_1_99' title='bbox 591 993 662 1047; x_wconf 90' lang='lat' dir='ltr'>Sp.</span> <span class='ocrx_word' id='word_1_100' title='bbox 687 990 885 1039; x_wconf 86' lang='lat' dir='ltr'>Lucretii,</span> <span class='ocrx_word' id='word_1_101' title='bbox 917 1004 968 1029; x_wconf 85' lang='lat' dir='ltr'>ne</span> <span class='ocrx_word' id='word_1_102' title='bbox 991 989 1154 1038; x_wconf 85' lang='lat' dir='ltr'>frustra,</span> <span class='ocrx_word' id='word_1_103' title='bbox 1186 987 1443 1028; x_wconf 81' lang='lat' dir='ltr'>Hasdrubale</span> <span class='ocrx_word' id='word_1_104' title='bbox 1467 1000 1562 1027; x_wconf 89' lang='lat' dir='ltr'>cum</span> <span class='ocrx_word' id='word_1_105' title='bbox 1593 1000 1664 1026; x_wconf 87' lang='lat' dir='ltr'>ex-</span> 
     </span>
     <span class='ocr_line' id='line_1_15' title="bbox 335 1045 1666 1100; baseline -0.008 -6"><span class='ocrx_word' id='word_1_106' title='bbox 335 1053 466 1094; x_wconf 87' lang='lat' dir='ltr'>ercitu</span> <span class='ocrx_word' id='word_1_107' title='bbox 486 1053 621 1092; x_wconf 86' lang='lat' dir='ltr'>deleto</span> <span class='ocrx_word' id='word_1_108' title='bbox 635 1050 800 1091; x_wconf 85' lang='lat' dir='ltr'>biennio</span> <span class='ocrx_word' id='word_1_109' title='bbox 823 1047 931 1099; x_wconf 74' lang='lat' dir='ltr'>ante,</span> <span class='ocrx_word' id='word_1_110' title='bbox 964 1047 1100 1088; x_wconf 84' lang='lat' dir='ltr'>forent</span> <span class='ocrx_word' id='word_1_111' title='bbox 1121 1047 1261 1095; x_wconf 82' lang='lat' dir='ltr'>laetati,</span> <span class='ocrx_word' id='word_1_112' title='bbox 1296 1046 1320 1086; x_wconf 85' lang='lat' dir='ltr'>fi</span> <span class='ocrx_word' id='word_1_113' title='bbox 1339 1060 1410 1100; x_wconf 84' lang='lat' dir='ltr'>par</span> <span class='ocrx_word' id='word_1_114' title='bbox 1434 1045 1544 1085; x_wconf 88' lang='lat' dir='ltr'>aliud</span> <span class='ocrx_word' id='word_1_115' title='bbox 1567 1045 1666 1085; x_wconf 84' lang='lat' dir='ltr'>inde</span> 
     </span>
     <span class='ocr_line' id='line_1_16' title="bbox 336 1104 1664 1159; baseline -0.008 -7"><span class='ocrx_word' id='word_1_116' title='bbox 336 1112 507 1159; x_wconf 90' lang='lat' dir='ltr'>bellum,</span> <span class='ocrx_word' id='word_1_117' title='bbox 539 1111 644 1151; x_wconf 89' lang='lat' dir='ltr'>duce</span> <span class='ocrx_word' id='word_1_118' title='bbox 666 1105 828 1149; x_wconf 70' lang='lat' dir='ltr'>tantum</span> <span class='ocrx_word' id='word_1_119' title='bbox 858 1116 1033 1156; x_wconf 83' lang='lat' dir='ltr'>mutato,</span> <span class='ocrx_word' id='word_1_120' title='bbox 1066 1105 1258 1156; x_wconf 86' lang='lat' dir='ltr'>oriretur,</span> <span class='ocrx_word' id='word_1_121' title='bbox 1291 1118 1431 1145; x_wconf 86' lang='lat' dir='ltr'>curam</span> <span class='ocrx_word' id='word_1_122' title='bbox 1453 1104 1664 1158; x_wconf 87' lang='lat' dir='ltr'>ingentem</span> 
     </span>
     <span class='ocr_line' id='line_1_17' title="bbox 338 1162 1667 1220; baseline -0.008 -9"><span class='ocrx_word' id='word_1_123' title='bbox 338 1170 615 1212; x_wconf 85' lang='lat' dir='ltr'>accenderunt</span> <span class='ocrx_word' id='word_1_124' title='bbox 629 1167 834 1208; x_wconf 84' lang='lat' dir='ltr'>Patribus.</span> <span class='ocrx_word' id='word_1_125' title='bbox 896 1166 1039 1220; x_wconf 88' lang='lat' dir='ltr'>Itaque</span> <span class='ocrx_word' id='word_1_126' title='bbox 1058 1167 1094 1206; x_wconf 86' lang='lat'>&amp;</span> <span class='ocrx_word' id='word_1_127' title='bbox 1116 1164 1179 1205; x_wconf 85' lang='lat' dir='ltr'>M.</span> <span class='ocrx_word' id='word_1_128' title='bbox 1198 1163 1362 1204; x_wconf 90' lang='lat' dir='ltr'>Livium</span> <span class='ocrx_word' id='word_1_129' title='bbox 1380 1162 1667 1217; x_wconf 83' lang='lat' dir='ltr'>proconsulem</span> 
     </span>
     <span class='ocr_line' id='line_1_18' title="bbox 338 1219 1684 1277; baseline -0.007 -8"><span class='ocrx_word' id='word_1_130' title='bbox 338 1244 393 1269; x_wconf 85' lang='lat' dir='ltr'>ex</span> <span class='ocrx_word' id='word_1_131' title='bbox 413 1228 575 1269; x_wconf 66' lang='lat' dir='ltr'>Etruria</span> <span class='ocrx_word' id='word_1_132' title='bbox 596 1228 793 1268; x_wconf 89' lang='lat' dir='ltr'>volonum</span> <span class='ocrx_word' id='word_1_133' title='bbox 815 1225 1045 1265; x_wconf 82' lang='lat' dir='ltr'>exercitum</span> <span class='ocrx_word' id='word_1_134' title='bbox 1068 1224 1285 1264; x_wconf 87' lang='lat' dir='ltr'>admovere</span> <span class='ocrx_word' id='word_1_135' title='bbox 1310 1221 1549 1262; x_wconf 86' lang='lat' dir='ltr'>Ariminum</span> <span class='ocrx_word' id='word_1_136' title='bbox 1579 1219 1684 1277; x_wconf 86' lang='lat' dir='ltr'>jus-&#39;</span> 
     </span>
     <span class='ocr_line' id='line_1_19' title="bbox 339 1279 1682 1338; baseline -0.004 -10"><span class='ocrx_word' id='word_1_137' title='bbox 339 1288 494 1338; x_wconf 81' lang='lat' dir='ltr'>serunt,</span> <span class='ocrx_word' id='word_1_138' title='bbox 527 1289 568 1327; x_wconf 71' lang='grc' dir='ltr'>ὅτ</span> <span class='ocrx_word' id='word_1_139' title='bbox 593 1286 671 1326; x_wconf 82' lang='lat' dir='ltr'>Cn.</span> <span class='ocrx_word' id='word_1_140' title='bbox 695 1284 867 1326; x_wconf 82' lang='lat' dir='ltr'>Servilio</span> <span class='ocrx_word' id='word_1_141' title='bbox 890 1282 1054 1338; x_wconf 82' lang='lat' dir='ltr'>praetori</span> <span class='ocrx_word' id='word_1_142' title='bbox 1074 1281 1288 1338; x_wconf 87' lang='lat' dir='ltr'>negotium</span> <span class='ocrx_word' id='word_1_143' title='bbox 1309 1281 1466 1328; x_wconf 86' lang='lat' dir='ltr'>datum,</span> <span class='ocrx_word' id='word_1_144' title='bbox 1501 1289 1563 1330; x_wconf 89' lang='lat' dir='ltr'>ut,</span> <span class='ocrx_word' id='word_1_145' title='bbox 1596 1279 1622 1319; x_wconf 87' lang='lat' dir='ltr'>fi</span> <span class='ocrx_word' id='word_1_146' title='bbox 1644 1292 1682 1322; x_wconf 36' lang='lat' dir='ltr'>ea</span> 
     </span>
     <span class='ocr_line' id='line_1_20' title="bbox 340 1337 1668 1401; baseline -0.008 -14"><span class='ocrx_word' id='word_1_147' title='bbox 340 1345 547 1401; x_wconf 69' lang='lat' dir='ltr'>republica</span> <span class='ocrx_word' id='word_1_148' title='bbox 570 1344 751 1394; x_wconf 76' lang='lat' dir='ltr'>censeret</span> <span class='ocrx_word' id='word_1_149' title='bbox 772 1343 863 1393; x_wconf 83' lang='lat' dir='ltr'>effe,</span> <span class='ocrx_word' id='word_1_150' title='bbox 896 1342 1072 1383; x_wconf 87' lang='lat' dir='ltr'>urbanas</span> <span class='ocrx_word' id='word_1_151' title='bbox 1092 1340 1291 1396; x_wconf 85' lang='lat' dir='ltr'>legiones,</span> <span class='ocrx_word' id='word_1_152' title='bbox 1324 1342 1387 1394; x_wconf 82' lang='lat'>(5)</span> <span class='ocrx_word' id='word_1_153' title='bbox 1404 1339 1471 1380; x_wconf 87' lang='lat' dir='ltr'>cui</span> <span class='ocrx_word' id='word_1_154' title='bbox 1493 1337 1668 1393; x_wconf 81' lang='lat' dir='ltr'>imperio</span> 
     </span>
     <span class='ocr_line' id='line_1_21' title="bbox 343 1396 1672 1457; baseline -0.008 -11"><span class='ocrx_word' id='word_1_155' title='bbox 343 1405 547 1457; x_wconf 81' lang='lat' dir='ltr'>videretur</span> <span class='ocrx_word' id='word_1_156' title='bbox 569 1405 680 1453; x_wconf 88' lang='lat' dir='ltr'>dato,</span> <span class='ocrx_word' id='word_1_157' title='bbox 711 1416 761 1442; x_wconf 87' lang='lat' dir='ltr'>ex</span> <span class='ocrx_word' id='word_1_158' title='bbox 775 1401 874 1443; x_wconf 88' lang='lat' dir='ltr'>urbe</span> <span class='ocrx_word' id='word_1_159' title='bbox 892 1401 989 1442; x_wconf 92' lang='lat' dir='ltr'>duci</span> <span class='ocrx_word' id='word_1_160' title='bbox 1005 1400 1182 1457; x_wconf 89' lang='lat' dir='ltr'>juberet.</span> <span class='ocrx_word' id='word_1_161' title='bbox 1244 1398 1308 1438; x_wconf 90' lang='lat' dir='ltr'>M.</span> <span class='ocrx_word' id='word_1_162' title='bbox 1330 1401 1359 1437; x_wconf 62' lang='lat' dir='ltr'>&#39;v</span> <span class='ocrx_word' id='word_1_163' title='bbox 1372 1397 1521 1438; x_wconf 87' lang='lat' dir='ltr'>alerius</span> <span class='ocrx_word' id='word_1_164' title='bbox 1537 1396 1672 1438; x_wconf 88' lang='lat' dir='ltr'>Laevi-</span> 
     </span>
     <span class='ocr_line' id='line_1_22' title="bbox 341 1456 1669 1516; baseline -0.005 -12"><span class='ocrx_word' id='word_1_165' title='bbox 341 1477 422 1505; x_wconf 80' lang='lat' dir='ltr'>nus</span> <span class='ocrx_word' id='word_1_166' title='bbox 440 1462 650 1503; x_wconf 86' lang='lat' dir='ltr'>Arretium</span> <span class='ocrx_word' id='word_1_167' title='bbox 668 1476 735 1502; x_wconf 80' lang='lat' dir='ltr'>eas</span> <span class='ocrx_word' id='word_1_168' title='bbox 748 1460 931 1516; x_wconf 82' lang='lat' dir='ltr'>legiones</span> <span class='ocrx_word' id='word_1_169' title='bbox 947 1459 1079 1500; x_wconf 87' lang='lat' dir='ltr'>duxit.</span> <span class='ocrx_word' id='word_1_170' title='bbox 1139 1457 1301 1498; x_wconf 88' lang='lat' dir='ltr'>Eisdem</span> <span class='ocrx_word' id='word_1_171' title='bbox 1332 1456 1669 1511; x_wconf 83' lang='lat' dir='ltr'>diebus(6)naves</span> 
     </span>
     <span class='ocr_line' id='line_1_23' title="bbox 341 1515 1667 1573; baseline -0.006 -10"><span class='ocrx_word' id='word_1_172' title='bbox 341 1521 548 1563; x_wconf 85' lang='lat' dir='ltr'>onerarias</span> <span class='ocrx_word' id='word_1_173' title='bbox 568 1521 794 1562; x_wconf 90' lang='lat' dir='ltr'>Poenorum</span> <span class='ocrx_word' id='word_1_174' title='bbox 813 1520 862 1559; x_wconf 88' lang='lat' dir='ltr'>ad</span> <span class='ocrx_word' id='word_1_175' title='bbox 881 1518 1092 1573; x_wconf 54' lang='lat' dir='ltr'>octoginta</span> <span class='ocrx_word' id='word_1_176' title='bbox 1114 1517 1221 1558; x_wconf 84' lang='lat' dir='ltr'>circa</span> <span class='ocrx_word' id='word_1_177' title='bbox 1242 1515 1472 1557; x_wconf 53' lang='lat' dir='ltr'>Sardiniam</span> <span class='ocrx_word' id='word_1_178' title='bbox 1505 1515 1556 1556; x_wconf 88' lang='lat' dir='ltr'>ab</span> <span class='ocrx_word' id='word_1_179' title='bbox 1589 1516 1667 1557; x_wconf 86' lang='lat' dir='ltr'>Cn.</span> 
     </span>
     <span class='ocr_line' id='line_1_24' title="bbox 341 1572 1673 1634; baseline -0.005 -12"><span class='ocrx_word' id='word_1_180' title='bbox 341 1580 537 1633; x_wconf 55' lang='lat' dir='ltr'>octavio,</span> <span class='ocrx_word' id='word_1_181' title='bbox 599 1580 640 1620; x_wconf 92' lang='lat' dir='ltr'>ui</span> <span class='ocrx_word' id='word_1_182' title='bbox 677 1577 898 1634; x_wconf 70' lang='lat' dir='ltr'>provinciae</span> <span class='ocrx_word' id='word_1_183' title='bbox 935 1585 1123 1631; x_wconf 70' lang='lat' dir='ltr'>praeerat,</span> <span class='ocrx_word' id='word_1_184' title='bbox 1153 1586 1307 1631; x_wconf 89' lang='lat' dir='ltr'>captas,</span> <span class='ocrx_word' id='word_1_185' title='bbox 1340 1579 1356 1625; x_wconf 82' lang='grc' dir='ltr'>ΙΙ</span> <span class='ocrx_word' id='word_1_186' title='bbox 1389 1573 1550 1615; x_wconf 87' lang='lat' dir='ltr'>Coelius</span> <span class='ocrx_word' id='word_1_187' title='bbox 1583 1572 1673 1615; x_wconf 84' lang='lat' dir='ltr'>fru-</span> 
     </span>
     <span class='ocr_line' id='line_1_25' title="bbox 343 1594 1676 1689; baseline -0.005 -9"><span class='ocrx_word' id='word_1_188' title='bbox 343 1648 484 1680; x_wconf 90' lang='lat' dir='ltr'>mento</span> <span class='ocrx_word' id='word_1_189' title='bbox 503 1594 618 1679; x_wconf 42' lang='lat' dir='ltr'>milio</span> <span class='ocrx_word' id='word_1_190' title='bbox 638 1640 688 1678; x_wconf 89' lang='lat' dir='ltr'>ad</span> <span class='ocrx_word' id='word_1_191' title='bbox 711 1636 987 1677; x_wconf 86' lang='lat' dir='ltr'>Hannibalem</span> <span class='ocrx_word' id='word_1_192' title='bbox 1010 1645 1329 1689; x_wconf 76' lang='lat' dir='ltr'>commeatuque</span> <span class='ocrx_word' id='word_1_193' title='bbox 1349 1632 1531 1686; x_wconf 87' lang='lat' dir='ltr'>onustas,</span> <span class='ocrx_word' id='word_1_194' title='bbox 1552 1638 1577 1687; x_wconf 91' lang='lat'>†</span> <span class='ocrx_word' id='word_1_195' title='bbox 1590 1636 1676 1682; x_wconf 86' lang='lat' dir='ltr'>Va-</span> 
     </span>
     <span class='ocr_line' id='line_1_26' title="bbox 341 1693 1674 1753; baseline -0.006 -14"><span class='ocrx_word' id='word_1_196' title='bbox 341 1698 467 1739; x_wconf 84' lang='lat' dir='ltr'>lerius</span> <span class='ocrx_word' id='word_1_197' title='bbox 497 1698 678 1753; x_wconf 81' lang='lat' dir='ltr'>praedam</span> <span class='ocrx_word' id='word_1_198' title='bbox 699 1695 910 1736; x_wconf 86' lang='lat' dir='ltr'>Etruscam</span> <span class='ocrx_word' id='word_1_199' title='bbox 927 1693 1217 1749; x_wconf 88' lang='lat' dir='ltr'>Ligurumque</span> <span class='ocrx_word' id='word_1_200' title='bbox 1245 1701 1540 1734; x_wconf 87' lang='lat' dir='ltr'>montanorum</span> <span class='ocrx_word' id='word_1_201' title='bbox 1577 1705 1674 1746; x_wconf 89' lang='lat' dir='ltr'>cap-</span> 
     </span>
     <span class='ocr_line' id='line_1_27' title="bbox 344 1750 1675 1811; baseline -0.005 -14"><span class='ocrx_word' id='word_1_202' title='bbox 344 1754 769 1811; x_wconf 16' lang='lat' dir='ltr'>tivolearthaginem</span> <span class='ocrx_word' id='word_1_203' title='bbox 806 1762 1106 1808; x_wconf 84' lang='lat' dir='ltr'>perportantes‚</span> <span class='ocrx_word' id='word_1_204' title='bbox 1139 1751 1274 1792; x_wconf 83' lang='lat' dir='ltr'>tradit.</span> <span class='ocrx_word' id='word_1_205' title='bbox 1305 1752 1347 1791; x_wconf 88' lang='lat' dir='ltr'>in</span> <span class='ocrx_word' id='word_1_206' title='bbox 1363 1750 1542 1797; x_wconf 66' lang='lat' dir='ltr'>,Bruttiis</span> <span class='ocrx_word' id='word_1_207' title='bbox 1571 1750 1675 1790; x_wconf 82' lang='lat' dir='ltr'>nihil</span> 
     </span>
    </p>
   </div>
   <div class='ocr_carea' id='block_1_5' title="bbox 282 1808 1684 1984">
    <p class='ocr_par' dir='ltr' id='par_1_5' title="bbox 282 1808 1684 1984">
     <span class='ocr_line' id='line_1_28' title="bbox 292 1808 1676 1867; baseline -0.005 -11"><span class='ocrx_word' id='word_1_208' title='bbox 292 1835 296 1842; x_wconf 68' lang='lat'><strong><em>¹</em></strong></span> <span class='ocrx_word' id='word_1_209' title='bbox 346 1814 477 1856; x_wconf 86' lang='lat' dir='ltr'>ferme</span> <span class='ocrx_word' id='word_1_210' title='bbox 500 1829 608 1855; x_wconf 81' lang='lat' dir='ltr'>anno</span> <span class='ocrx_word' id='word_1_211' title='bbox 636 1828 686 1854; x_wconf 92' lang='lat' dir='ltr'>eo</span> <span class='ocrx_word' id='word_1_212' title='bbox 722 1812 986 1854; x_wconf 86' lang='lat' dir='ltr'>memorabile</span> <span class='ocrx_word' id='word_1_213' title='bbox 1017 1811 1191 1867; x_wconf 83' lang='lat' dir='ltr'>gestum.</span> <span class='ocrx_word' id='word_1_214' title='bbox 1251 1809 1487 1851; x_wconf 86' lang='lat' dir='ltr'>Pestilentia</span> <span class='ocrx_word' id='word_1_215' title='bbox 1508 1808 1676 1850; x_wconf 87' lang='lat' dir='ltr'>incesse-</span> 
     </span>
     <span class='ocr_line' id='line_1_29' title="bbox 347 1867 1684 1928; baseline -0.005 -14"><span class='ocrx_word' id='word_1_216' title='bbox 347 1883 410 1924; x_wconf 88' lang='lat' dir='ltr'>rat</span> <span class='ocrx_word' id='word_1_217' title='bbox 432 1873 519 1928; x_wconf 81' lang='lat' dir='ltr'>pari</span> <span class='ocrx_word' id='word_1_218' title='bbox 553 1873 667 1913; x_wconf 89' lang='lat' dir='ltr'>clade</span> <span class='ocrx_word' id='word_1_219' title='bbox 704 1871 746 1912; x_wconf 90' lang='lat' dir='ltr'>in</span> <span class='ocrx_word' id='word_1_220' title='bbox 776 1872 992 1912; x_wconf 86' lang='lat' dir='ltr'>Romanos</span> <span class='ocrx_word' id='word_1_221' title='bbox 1026 1869 1288 1924; x_wconf 86' lang='lat' dir='ltr'>Poenosque:</span> <span class='ocrx_word' id='word_1_222' title='bbox 1321 1868 1390 1909; x_wconf 82' lang='lat' dir='ltr'>nifi</span> <span class='ocrx_word' id='word_1_223' title='bbox 1413 1869 1525 1922; x_wconf 90' lang='lat' dir='ltr'>quod</span> <span class='ocrx_word' id='word_1_224' title='bbox 1547 1867 1684 1908; x_wconf 83' lang='lat' dir='ltr'>Puni-·</span> 
     </span>
     <span class='ocr_line' id='line_1_30' title="bbox 282 1925 1673 1984; baseline -0.006 -11"><span class='ocrx_word' id='word_1_225' title='bbox 282 1932 308 1945; x_wconf 74' lang='grc'><strong>”</strong></span> <span class='ocrx_word' id='word_1_226' title='bbox 348 1946 445 1977; x_wconf 89' lang='lat' dir='ltr'>cum</span> <span class='ocrx_word' id='word_1_227' title='bbox 485 1931 715 1972; x_wconf 82' lang='lat' dir='ltr'>exercitum</span> <span class='ocrx_word' id='word_1_228' title='bbox 746 1936 772 1984; x_wconf 89' lang='lat'>†</span> <span class='ocrx_word' id='word_1_229' title='bbox 805 1929 923 1984; x_wconf 85' lang='lat' dir='ltr'>super</span> <span class='ocrx_word' id='word_1_230' title='bbox 964 1928 1157 1970; x_wconf 88' lang='lat' dir='ltr'>morbum</span> <span class='ocrx_word' id='word_1_231' title='bbox 1189 1928 1312 1969; x_wconf 85' lang='lat' dir='ltr'>etiam</span> <span class='ocrx_word' id='word_1_232' title='bbox 1350 1926 1481 1967; x_wconf 82' lang='lat' dir='ltr'>fames</span> <span class='ocrx_word' id='word_1_233' title='bbox 1523 1925 1673 1966; x_wconf 86' lang='lat' dir='ltr'>affecit.</span> 
     </span>
    </p>
   </div>
   <div class='ocr_carea' id='block_1_6' title="bbox 347 1985 1691 2221">
    <p class='ocr_par' dir='ltr' id='par_1_6' title="bbox 347 1985 1691 2221">
     <span class='ocr_line' id='line_1_31' title="bbox 351 1985 1689 2045; baseline -0.004 -14"><span class='ocrx_word' id='word_1_234' title='bbox 351 1997 367 2041; x_wconf 73' lang='grc' dir='ltr'>ῙΙ</span> <span class='ocrx_word' id='word_1_235' title='bbox 392 1990 567 2045; x_wconf 88' lang='lat' dir='ltr'>Propter</span> <span class='ocrx_word' id='word_1_236' title='bbox 603 1990 780 2044; x_wconf 81' lang='lat' dir='ltr'>Junonis</span> <span class='ocrx_word' id='word_1_237' title='bbox 802 1988 985 2029; x_wconf 83' lang='lat' dir='ltr'>Laciniae</span> <span class='ocrx_word' id='word_1_238' title='bbox 1020 1988 1224 2042; x_wconf 84' lang='lat' dir='ltr'>templum</span> <span class='ocrx_word' id='word_1_239' title='bbox 1246 1986 1427 2027; x_wconf 80' lang='lat' dir='ltr'>aestatem</span> <span class='ocrx_word' id='word_1_240' title='bbox 1464 1985 1689 2032; x_wconf 77' lang='lat' dir='ltr'>Hannibal¹</span> 
     </span>
     <span class='ocr_line' id='line_1_32' title="bbox 348 2044 1691 2105; baseline -0.004 -16"><span class='ocrx_word' id='word_1_241' title='bbox 348 2049 459 2105; x_wconf 79' lang='lat' dir='ltr'>egit3</span> <span class='ocrx_word' id='word_1_242' title='bbox 493 2047 630 2102; x_wconf 90' lang='lat' dir='ltr'>ibique</span> <span class='ocrx_word' id='word_1_243' title='bbox 667 2062 778 2089; x_wconf 87' lang='lat' dir='ltr'>aram</span> <span class='ocrx_word' id='word_1_244' title='bbox 816 2047 1001 2088; x_wconf 90' lang='lat' dir='ltr'>condidit</span> <span class='ocrx_word' id='word_1_245' title='bbox 1037 2046 1340 2100; x_wconf 84' lang='lat' dir='ltr'>dedicavitque,</span> <span class='ocrx_word' id='word_1_246' title='bbox 1386 2058 1483 2085; x_wconf 91' lang='lat' dir='ltr'>cum</span> <span class='ocrx_word' id='word_1_247' title='bbox 1519 2044 1691 2099; x_wconf 87' lang='lat' dir='ltr'>ingenti&#39;</span> 
     </span>
     <span class='ocr_line' id='line_1_33' title="bbox 347 2102 1679 2206; baseline -0.003 -58"><span class='ocrx_word' id='word_1_248' title='bbox 347 2122 485 2206; x_wconf 49' lang='lat' dir='ltr'><strong>fepm:</strong></span> <span class='ocrx_word' id='word_1_249' title='bbox 518 2107 567 2148; x_wconf 90' lang='lat' dir='ltr'>ab</span> <span class='ocrx_word' id='word_1_250' title='bbox 604 2106 641 2147; x_wconf 86' lang='lat' dir='ltr'>se</span> <span class='ocrx_word' id='word_1_251' title='bbox 676 2107 880 2162; x_wconf 86' lang='lat' dir='ltr'>gestarum</span> <span class='ocrx_word' id='word_1_252' title='bbox 902 2106 1039 2156; x_wconf 91' lang='lat' dir='ltr'>titulo,</span> <span class='ocrx_word' id='word_1_253' title='bbox 1073 2104 1240 2147; x_wconf 87' lang='lat' dir='ltr'>Punicis</span> <span class='ocrx_word' id='word_1_254' title='bbox 1273 2102 1513 2157; x_wconf 83' lang='lat' dir='ltr'>Graecisque</span> <span class='ocrx_word' id='word_1_255' title='bbox 1549 2103 1679 2144; x_wconf 80' lang='lat' dir='ltr'>literis</span> 
     </span>
     <span class='ocr_line' id='line_1_34' title="bbox 349 2175 566 2221; baseline 0 -13"><span class='ocrx_word' id='word_1_256' title='bbox 349 2181 391 2208; x_wconf 84' lang='lat' dir='ltr'>m</span> <span class='ocrx_word' id='word_1_257' title='bbox 413 2175 566 2221; x_wconf 67' lang='lat' dir='ltr'>eu.pt0.</span> 
     </span>
    </p>
   </div>
   <div class='ocr_carea' id='block_1_7' title="bbox 1575 2244 1591 2251">
    <p class='ocr_par' dir='ltr' id='par_1_7' title="bbox 1575 2244 1591 2251">
     <span class='ocr_line' id='line_1_35' title="bbox 1575 2244 1591 2251; baseline 0 0"><span class='ocrx_word' id='word_1_258' title='bbox 1575 2244 1591 2251; x_wconf 57' lang='grc' dir='ltr'><em>ψ</em></span> 
     </span>
    </p>
   </div>
   <div class='ocr_carea' id='block_1_8' title="bbox 351 2277 1686 2646">
    <p class='ocr_par' dir='ltr' id='par_1_8' title="bbox 351 2277 1686 2646">
     <span class='ocr_line' id='line_1_36' title="bbox 352 2277 1678 2327; baseline -0.002 -12"><span class='ocrx_word' id='word_1_259' title='bbox 352 2294 427 2325; x_wconf 82' lang='lat' dir='ltr'>pars</span> <span class='ocrx_word' id='word_1_260' title='bbox 444 2284 512 2325; x_wconf 78' lang='lat' dir='ltr'>ejus</span> <span class='ocrx_word' id='word_1_261' title='bbox 526 2283 598 2327; x_wconf 87' lang='lat' dir='ltr'>agri</span> <span class='ocrx_word' id='word_1_262' title='bbox 611 2283 740 2315; x_wconf 84' lang='lat' dir='ltr'>falleret</span> <span class='ocrx_word' id='word_1_263' title='bbox 754 2282 812 2314; x_wconf 89' lang='lat' dir='ltr'>sub</span> <span class='ocrx_word' id='word_1_264' title='bbox 831 2282 939 2314; x_wconf 84' lang='lat' dir='ltr'>alieno</span> <span class='ocrx_word' id='word_1_265' title='bbox 953 2277 1098 2319; x_wconf 86' lang='lat' dir='ltr'>nomine,</span> <span class='ocrx_word' id='word_1_266' title='bbox 1120 2279 1328 2323; x_wconf 81' lang='lat' dir='ltr'>permittitur</span> <span class='ocrx_word' id='word_1_267' title='bbox 1347 2281 1388 2320; x_wconf 87' lang='lat' dir='ltr'>ei,</span> <span class='ocrx_word' id='word_1_268' title='bbox 1411 2279 1468 2322; x_wconf 86' lang='lat' dir='ltr'>qui</span> <span class='ocrx_word' id='word_1_269' title='bbox 1493 2278 1567 2312; x_wconf 86' lang='lat' dir='ltr'>talis</span> <span class='ocrx_word' id='word_1_270' title='bbox 1588 2281 1678 2312; x_wconf 81' lang='lat' dir='ltr'>frau-</span> 
     </span>
     <span class='ocr_line' id='line_1_37' title="bbox 351 2325 1677 2370; baseline -0.003 -10"><span class='ocrx_word' id='word_1_271' title='bbox 351 2329 402 2360; x_wconf 82' lang='lat' dir='ltr'>dis</span> <span class='ocrx_word' id='word_1_272' title='bbox 418 2329 562 2370; x_wconf 78' lang='lat' dir='ltr'>aliquam</span> <span class='ocrx_word' id='word_1_273' title='bbox 587 2329 743 2361; x_wconf 85' lang='lat' dir='ltr'>notitiam</span> <span class='ocrx_word' id='word_1_274' title='bbox 759 2328 907 2366; x_wconf 83' lang='lat' dir='ltr'>haberet,</span> <span class='ocrx_word' id='word_1_275' title='bbox 922 2338 994 2359; x_wconf 88' lang='lat' dir='ltr'>eam</span> <span class='ocrx_word' id='word_1_276' title='bbox 1007 2326 1174 2365; x_wconf 80' lang='lat' dir='ltr'>indicare;</span> <span class='ocrx_word' id='word_1_277' title='bbox 1191 2326 1292 2358; x_wconf 88' lang='lat' dir='ltr'>immo</span> <span class='ocrx_word' id='word_1_278' title='bbox 1311 2327 1343 2358; x_wconf 91' lang='lat'>&amp;</span> <span class='ocrx_word' id='word_1_279' title='bbox 1360 2329 1401 2359; x_wconf 89' lang='lat' dir='ltr'>ad</span> <span class='ocrx_word' id='word_1_280' title='bbox 1418 2325 1578 2358; x_wconf 88' lang='lat' dir='ltr'>indicium</span> <span class='ocrx_word' id='word_1_281' title='bbox 1592 2336 1677 2367; x_wconf 85' lang='lat' dir='ltr'>prae-</span> 
     </span>
     <span class='ocr_line' id='line_1_38' title="bbox 352 2372 1686 2417; baseline -0.002 -12"><span class='ocrx_word' id='word_1_282' title='bbox 352 2374 419 2405; x_wconf 88' lang='lat' dir='ltr'>mio</span> <span class='ocrx_word' id='word_1_283' title='bbox 444 2375 613 2417; x_wconf 77' lang='lat' dir='ltr'>proposito</span> <span class='ocrx_word' id='word_1_284' title='bbox 643 2373 798 2406; x_wconf 84' lang='lat' dir='ltr'>allicitur.</span> <span class='ocrx_word' id='word_1_285' title='bbox 844 2375 882 2414; x_wconf 77' lang='lat'>(3</span> <span class='ocrx_word' id='word_1_286' title='bbox 917 2372 1021 2415; x_wconf 73' lang='lat' dir='ltr'>Supra</span> <span class='ocrx_word' id='word_1_287' title='bbox 1038 2373 1058 2403; x_wconf 94' lang='lat' dir='ltr'>l.</span> <span class='ocrx_word' id='word_1_288' title='bbox 1074 2383 1105 2411; x_wconf 83' lang='lat'>4.</span> <span class='ocrx_word' id='word_1_289' title='bbox 1125 2383 1155 2404; x_wconf 88' lang='lat' dir='ltr'>c.</span> <span class='ocrx_word' id='word_1_290' title='bbox 1175 2381 1217 2404; x_wconf 85' lang='lat'>22</span> <span class='ocrx_word' id='word_1_291' title='bbox 1254 2385 1336 2415; x_wconf 78' lang='lat' dir='ltr'>ogere</span> <span class='ocrx_word' id='word_1_292' title='bbox 1358 2375 1390 2404; x_wconf 77' lang='lat' dir='ltr'>in</span> <span class='ocrx_word' id='word_1_293' title='bbox 1414 2384 1506 2403; x_wconf 79' lang='lat' dir='ltr'>arcem</span> <span class='ocrx_word' id='word_1_294' title='bbox 1533 2373 1686 2402; x_wconf 77' lang='lat' dir='ltr'>cuniculum</span> 
     </span>
     <span class='ocr_line' id='line_1_39' title="bbox 353 2416 1681 2461; baseline -0.002 -11"><span class='ocrx_word' id='word_1_295' title='bbox 353 2420 492 2458; x_wconf 65' lang='lat' dir='ltr'>instituit.</span> <span class='ocrx_word' id='word_1_296' title='bbox 510 2420 598 2452; x_wconf 69' lang='lat' dir='ltr'>infra</span> <span class='ocrx_word' id='word_1_297' title='bbox 610 2420 632 2451; x_wconf 92' lang='lat' dir='ltr'>l.</span> <span class='ocrx_word' id='word_1_298' title='bbox 656 2428 710 2461; x_wconf 89' lang='lat'>29.</span> <span class='ocrx_word' id='word_1_299' title='bbox 726 2431 756 2452; x_wconf 89' lang='lat' dir='ltr'>c.</span> <span class='ocrx_word' id='word_1_300' title='bbox 777 2428 831 2459; x_wconf 81' lang='lat'>13.</span> <span class='ocrx_word' id='word_1_301' title='bbox 849 2421 966 2461; x_wconf 71' lang='lat' dir='ltr'>corfieles</span> <span class='ocrx_word' id='word_1_302' title='bbox 981 2420 1114 2451; x_wconf 60' lang='lat' dir='ltr'>deleam</span> <span class='ocrx_word' id='word_1_303' title='bbox 1129 2419 1231 2450; x_wconf 78' lang='lat' dir='ltr'>habere</span> <span class='ocrx_word' id='word_1_304' title='bbox 1244 2418 1435 2458; x_wconf 76' lang='lat' dir='ltr'>instituerunt.</span> <span class='ocrx_word' id='word_1_305' title='bbox 1453 2417 1486 2448; x_wconf 75' lang='grc' dir='ltr'>δι</span> <span class='ocrx_word' id='word_1_306' title='bbox 1500 2416 1578 2449; x_wconf 79' lang='lat' dir='ltr'>alibi</span> <span class='ocrx_word' id='word_1_307' title='bbox 1589 2416 1681 2458; x_wconf 85' lang='lat' dir='ltr'>saepe.</span> 
     </span>
     <span class='ocr_line' id='line_1_40' title="bbox 353 2460 1681 2508; baseline -0.003 -10"><span class='ocrx_word' id='word_1_308' title='bbox 353 2466 409 2505; x_wconf 85' lang='grc'>(4)</span> <span class='ocrx_word' id='word_1_309' title='bbox 427 2467 621 2508; x_wconf 83' lang='lat' dir='ltr'>Legendum</span> <span class='ocrx_word' id='word_1_310' title='bbox 652 2465 785 2497; x_wconf 80' lang='lat' dir='ltr'>videtur</span> <span class='ocrx_word' id='word_1_311' title='bbox 803 2466 851 2496; x_wconf 88' lang='lat' dir='ltr'>Ea</span> <span class='ocrx_word' id='word_1_312' title='bbox 879 2478 923 2495; x_wconf 81' lang='lat' dir='ltr'>res</span> <span class='ocrx_word' id='word_1_313' title='bbox 951 2467 1044 2496; x_wconf 77' lang='lat' dir='ltr'>litem</span> <span class='ocrx_word' id='word_1_314' title='bbox 1070 2467 1345 2507; x_wconf 83' lang='lat' dir='ltr'>cognita...accendit</span> <span class='ocrx_word' id='word_1_315' title='bbox 1360 2463 1513 2496; x_wconf 60' lang='lat' dir='ltr'>Patribus.</span> <span class='ocrx_word' id='word_1_316' title='bbox 1559 2460 1681 2504; x_wconf 75' lang='lat' dir='ltr'>Scripti</span> 
     </span>
     <span class='ocr_line' id='line_1_41' title="bbox 353 2509 1684 2552; baseline -0.002 -11"><span class='ocrx_word' id='word_1_317' title='bbox 353 2509 441 2541; x_wconf 84' lang='lat' dir='ltr'>enim</span> <span class='ocrx_word' id='word_1_318' title='bbox 458 2512 588 2542; x_wconf 78' lang='lat' dir='ltr'>tantum</span> <span class='ocrx_word' id='word_1_319' title='bbox 605 2522 673 2543; x_wconf 89' lang='lat' dir='ltr'>non</span> <span class='ocrx_word' id='word_1_320' title='bbox 685 2521 799 2542; x_wconf 84' lang='lat' dir='ltr'>omnes</span> <span class='ocrx_word' id='word_1_321' title='bbox 810 2513 931 2541; x_wconf 76' lang='lat' dir='ltr'>accendit</span> <span class='ocrx_word' id='word_1_322' title='bbox 948 2510 1139 2552; x_wconf 83' lang='lat' dir='ltr'>praeferunt.</span> <span class='ocrx_word' id='word_1_323' title='bbox 1165 2512 1200 2549; x_wconf 80' lang='lat'>(5</span> <span class='ocrx_word' id='word_1_324' title='bbox 1208 2511 1311 2552; x_wconf 86' lang='lat' dir='ltr'>)Lege</span> <span class='ocrx_word' id='word_1_325' title='bbox 1328 2512 1455 2552; x_wconf 84' lang='lat' dir='ltr'>imperio,</span> <span class='ocrx_word' id='word_1_326' title='bbox 1475 2511 1520 2539; x_wconf 80' lang='lat' dir='ltr'>cui</span> <span class='ocrx_word' id='word_1_327' title='bbox 1528 2510 1684 2548; x_wconf 77' lang='lat' dir='ltr'>videretur,</span> 
     </span>
     <span class='ocr_line' id='line_1_42' title="bbox 354 2553 1681 2598; baseline 0.002 -14"><span class='ocrx_word' id='word_1_328' title='bbox 354 2557 430 2587; x_wconf 81' lang='lat' dir='ltr'>dato.</span> <span class='ocrx_word' id='word_1_329' title='bbox 447 2556 504 2597; x_wconf 84' lang='lat'>(6)</span> <span class='ocrx_word' id='word_1_330' title='bbox 517 2558 626 2594; x_wconf 76' lang='lat' dir='ltr'>Naves</span> <span class='ocrx_word' id='word_1_331' title='bbox 641 2556 713 2588; x_wconf 86' lang='lat' dir='ltr'>illas</span> <span class='ocrx_word' id='word_1_332' title='bbox 730 2563 842 2598; x_wconf 88' lang='lat' dir='ltr'>captas</span> <span class='ocrx_word' id='word_1_333' title='bbox 857 2555 979 2587; x_wconf 84' lang='lat' dir='ltr'>Coelius</span> <span class='ocrx_word' id='word_1_334' title='bbox 997 2554 1216 2596; x_wconf 87' lang='lat' dir='ltr'>Valeriusque</span> <span class='ocrx_word' id='word_1_335' title='bbox 1244 2556 1381 2588; x_wconf 88' lang='lat' dir='ltr'>tradunt</span> <span class='ocrx_word' id='word_1_336' title='bbox 1395 2567 1404 2593; x_wconf 90' lang='lat'>;</span> <span class='ocrx_word' id='word_1_337' title='bbox 1440 2553 1496 2586; x_wconf 81' lang='lat' dir='ltr'>ille</span> <span class='ocrx_word' id='word_1_338' title='bbox 1510 2555 1681 2586; x_wconf 76' lang='lat' dir='ltr'>frumento</span> 
     </span>
     <span class='ocr_line' id='line_1_43' title="bbox 354 2599 1435 2646; baseline 0.001 -14"><span class='ocrx_word' id='word_1_339' title='bbox 354 2600 498 2639; x_wconf 58' lang='lat' dir='ltr'>onustas„</span> <span class='ocrx_word' id='word_1_340' title='bbox 513 2600 571 2634; x_wconf 74' lang='lat' dir='ltr'>hic</span> <span class='ocrx_word' id='word_1_341' title='bbox 589 2609 821 2646; x_wconf 51' lang='lat' dir='ltr'>perportant&amp;</span> <span class='ocrx_word' id='word_1_342' title='bbox 836 2599 1081 2645; x_wconf 79' lang='lat' dir='ltr'>Karthaginem</span> <span class='ocrx_word' id='word_1_343' title='bbox 1091 2600 1264 2634; x_wconf 76' lang='lat' dir='ltr'>Etruscam</span> <span class='ocrx_word' id='word_1_344' title='bbox 1281 2600 1435 2644; x_wconf 80' lang='lat' dir='ltr'>praedam.</span> 
     </span>
    </p>
   </div>
   <div class='ocr_carea' id='block_1_9' title="bbox 1412 2639 1677 2706">
    <p class='ocr_par' dir='ltr' id='par_1_9' title="bbox 1412 2639 1677 2706">
     <span class='ocr_line' id='line_1_44' title="bbox 1412 2639 1677 2706; baseline -0.019 0"><span class='ocrx_word' id='word_1_345' title='bbox 1412 2639 1677 2706; x_wconf 79' lang='lat' dir='ltr'>EPITOME</span> 
     </span>
    </p>
   </div>
  </div>
 </body>
</html>
