1840 3094
382 198 626 245 LIBER
687 203 804 246 XXI.
863 204 1036 249 CAP.
1097 205 1274 250 XLVII.
1649 222 1703 266 55

167 314 221 354 de
243 313 327 357 filio
346 331 487 358 verum
508 319 601 371 esse,
632 321 744 374 quod
756 330 797 362 et
816 320 952 375 plures
971 323 1170 364 tradidere
1204 323 1407 372 auctores,
1439 329 1479 362 et

171 371 281 412 fama
297 376 363 431 (7)
384 376 576 419 obtinuit.

225 430 401 474 XLVII.
436 436 530 476 Hoc
565 436 744 489 primum
773 452 867 478 cum
898 437 1131 479 Hannibale
1152 439 1344 492 proelium
1370 438 1476 488 fuit3
1498 463 1591 498 Ultra
1606 467 1657 497 Pa

169 501 254 541 quo
271 489 390 532 facile
409 495 609 546 apparuit,
640 505 681 534 et
715 497 898 548 equitatu
930 497 1139 537 meliorem
1175 497 1352 536 Poenum
1387 498 1558 546 ess'e,dum
1572 515 1698 545 recedunt

169 557 212 586 et
231 547 283 588 ob
305 549 345 589 id
365 565 529 605 campos
557 562 758 606 patentes,
791 557 929 608 quales
966 556 1058 595 sunt
1089 555 1194 594 inter
1214 554 1374 594 Padum
1405 557 1480 595 Al·
1498 561 1634 590 Romani.

169 605 335 659 pesque,
364 607 470 648 bello
497 613 675 665 gerendo
711 612 911 654 Romanis
943 624 1058 668 aptos
1079 627 1159 653 non
1184 613 1272 652 effe.
1336 613 1481 667 Itaque

169 665 356 717 proxima
391 667 530 718 nodie,
556 669 669 724 juffis
690 670 886 711 militibus
908 673 997 711 vasa
1014 671 1169 711 silentio
1191 670 1380 725 colligere
1405 675 1482 725 (Ι),

169 723 298 763 castra
319 725 368 764 ab
389 725 539 766 Ticino
560 737 686 776 mota,
717 727 1034 785 festinatumque
1063 730 1113 769 ad
1144 730 1299 769 Padum
1319 728 1404 777 est3
1437 741 1482 769 ut

169 782 338 832 ratibus,
370 784 517 837 quibus
550 787 615 841 (2)
638 787 831 841 junxerat
867 787 1034 837 fiumen,
1069 788 1253 827 nondum
1282 787 1483 836 resolutis,

168 839 251 880 fine
272 845 452 882 tumultu
477 854 597 896 atque
626 843 890 885 insectatione
919 845 1060 895 hostis,
1092 846 1229 900 copias
1263 845 1479 901 trajiceret.

169 897 290 941 Pri-cis
307 901 558 942 Placentiam
575 916 810 956 pervenere,
830 902 953 958 quam
972 904 1064 945 satis
1081 904 1197 944 sciret
1210 903 1418 943 Hannibal
1433 904 1484 944 ab

169 956 319 999 Ticino
340 960 574 1013 profectos:
606 971 743 1000 tamen
766 963 815 1001 ad
844 963 1053 1003 sexcentos
1076 972 1328 1002 moratorum
1347 967 1359 1015 (
1366 964 1409 1016 3)
1439 962 1483 1001 in

169 1016 358 1058 citeriore
379 1019 481 1073 ripa,
496 1019 670 1075 segniter
683 1030 811 1060 ratem
830 1020 1041 1071 solventes,
1063 1021 1186 1076 cepit.
1205 1020 1369 1060 transire
1401 1034 1484 1060 non

171 1076 307 1128 potuit
329 1090 512 1130 pontem,
533 1084 597 1130 :42⁴1
620 1088 665 1117 ut
682 1090 863 1118 extrema
877 1079 1052 1119 resoluta
1073 1091 1203 1128 erant,
1227 1080 1310 1118 tota
1343 1088 1426 1120 rate
1444 1079 1487 1118 in

171 1132 389 1174 secundam
412 1150 558 1190 aquam
592 1136 764 1177 labente.
823 1137 982 1177 Coelius
1007 1137 1150 1177 auctor
1163 1140 1235 1186 est,
1258 1137 1483 1192 Magonem

170 1205 268 1232 cum
298 1194 484 1247 equitatu
520 1204 561 1233 et
597 1195 790 1248 Hispanis
839 1196 1042 1251 peditibug
1084 1195 1238 1235 flumen
1279 1197 1486 1248 extemplo

169 1251 411 1301 transnafl‘e3
444 1252 575 1306 ipsum
607 1253 882 1292 Hannibalem
917 1268 988 1307 per
1020 1254 1225 1307 superiora
1253 1253 1353 1293 Padi
1385 1254 1488 1292 vada

170 1311 395 1351 exercitum
413 1311 644 1361 traduxisse,
674 1312 899 1365 elephantis
928 1313 968 1351 in
1005 1312 1191 1352 ordinem
1220 1313 1282 1365 (5)
1301 1313 1350 1351 ad
1372 1310 1488 1350 susti-

172 1370 356 1409 nendum
381 1370 581 1424 impetum
617 1369 796 1409 fluminis
829 1370 1032 1424 oppositis.
1094 1370 1152 1409 Ea
1184 1370 1324 1423 peritis
1355 1370 1488 1410 amnis

171 1428 261 1482 ejus
288 1428 354 1467 vix
386 1430 450 1482 (6)
490 1427 614 1467 fidem
647 1427 832 1468 fecerint.
868 1442 963 1467 ‘iam
996 1442 1129 1480 neque
1158 1428 1334 1480 equites,
1365 1428 1487 1468 armis

172 1485 368 1539 equisque
399 1485 531 1535 salvis,
564 1495 719 1525 tantam
746 1487 827 1525 vim
846 1485 1028 1525 fluminis
1054 1486 1248 1540 superafl'e
1275 1485 1487 1525 verisimile

172 1543 246 1593 est,
279 1546 339 1598 (7)
362 1545 504 1600 utjam
527 1543 731 1598 Hispanos
753 1558 896 1584 omnes
911 1544 1038 1583 inflati
1053 1544 1344 1584 transvexerint
1362 1555 1490 1584 utres:

172 1612 215 1642 et
227 1603 452 1642 multorum
465 1603 624 1642 dierum
638 1602 814 1643 circuitu
826 1602 922 1646 Padi
937 1604 1037 1641 vada
1051 1604 1225 1656 petenda
1242 1602 1490 1656 fuerant(8),

170 1662 252 1716 qua
267 1661 469 1702 exercitus
489 1661 625 1718 gravis
641 1660 944 1716 impedimentis
965 1661 1122 1701 traduci
1139 1661 1278 1717 pofl'et.
1326 1663 1389 1715 (9)
1410 1660 1492 1699 Po-

1370 1728 1493 1760 tiores

174 1864 246 1890 not.
257 1864 286 1896 7.
302 1857 343 1889 ad
360 1856 447 1897 038.
458 1856 564 1899 supra⁴
579 1856 636 1900 (7)
650 1857 690 1888 Et
707 1856 809 1899 vulgo
823 1855 984 1888 creditur.
1001 1857 1236 1897 Vocemfanm‚
1250 1865 1325 1887 cum
1341 1853 1494 1886 Draken-

174 1903 325 1941 borchio,
349 1904 438 1934 sexto
472 1902 582 1944 potius
613 1903 699 1940 casu,
721 1908 821 1943 quhm
853 1902 972 1943 primo,
994 1901 1217 1943 accipiendam
1235 1901 1361 1933 censeo.
1389 1900 1494 1942 Apud
1696 1917 1712 1929 η

171 1948 357 1980 Sallustium
379 1949 524 1989 quidem,
547 1945 626 1979 Bell.
641 1950 716 1990 Jug.
748 1959 774 1979 c.
792 1958 840 1987 ¹7·
852 1949 945 1989 fama
960 1948 1080 1979 dicitur
1097 1949 1214 1977 obtinere
1229 1960 1283 1984 eos,
1305 1947 1394 1987 apud
1411 1956 1494 1986 quo·

172 1994 274 2025 valet.
320 1995 381 2025 Sed
406 1994 459 2024 vix
488 1992 587 2025 latine
616 1993 680 2024 dici
697 1993 811 2035 potest,
823 1995 941 2034 famam
964 1995 1084 2023 obtinere
1107 1995 1145 2028 id,
1171 1992 1260 2033 quod
1278 1992 1362 2022 fami-i
1379 1992 1494 2022 fertur.

173 2041 279 2081 Supra
298 2047 406 2070 tamen
420 2039 440 2069 l.
458 2048 487 2070 1.
512 2050 542 2070 c.
560 2049 591 2076 4.
614 2039 721 2070 noster
738 2038 831 2076 dixit,
852 2041 1033 2079 tenetfama.
1082 2037 1224 2068 Fortasse
1253 2038 1368 2068 eodem
1393 2037 1494 2069 modo

173 2084 365 2126 accipienda
397 2085 471 2116 sunt
501 2084 614 2122 verba,
642 2086 732 2126 fama
760 2086 891 2123 obtinust,
913 2083 944 2116 h.
960 2095 989 2117 e.
1025 2094 1063 2115 ea
1079 2085 1178 2122 fama,
1192 2092 1311 2129 nempe
1328 2080 1495 2113 consulem

171 2142 191 2162 a
205 2130 272 2162 filio
283 2131 448 2162 servatum
465 2128 537 2162 esse.
563 2132 600 2161 E.

219 2215 258 2245 C.
278 2221 334 2252 47.
350 2212 405 2253 (Ι)
424 2210 512 2242 lusti
530 2211 550 2243 l.
568 2220 620 2251 27.
643 2222 671 2243 c.
688 2220 745 2250 47.
769 2211 932 2254 datostgno,
954 2218 985 2241 ut
999 2212 1082 2242 taciti
1096 2208 1170 2253 vasa
1183 2211 1348 2252 colligerent.
1372 2208 1428 2251 (2)
1444 2208 1495 2243 Sic

174 2259 273 2300 supr}
290 2269 316 2289 c.
331 2268 385 2296 45.
405 2265 489 2300 ponte
508 2258 773 2299 Ticinttmjungunt.
818 2259 875 2297 (3)
899 2259 973 2286 Vox
989 2263 1153 2292 mre-atores,
1175 2266 1237 2295 pro
1253 2255 1291 2285 iis
1314 2254 1369 2295 qul
1388 2265 1496 2285 moras

175 2306 326 2341 nectunt,
348 2302 493 2333 occurrit
511 2302 710 2333 etiaminfra
728 2302 750 2334 l.
768 2312 819 2340 24-
846 2314 874 2334 c.
895 2312 946 2339 4ι.
992 2303 1047 2342 (4)
1071 2302 1160 2332 Toto
1186 2300 1243 2330 illo
1275 2308 1386 2342 ponte,
1408 2300 1497 2341 quie

175 2349 305 2383 ratibus
319 2349 453 2390 junctus
470 2355 552 2384 erat,
567 2348 697 2379 labente
714 2347 891 2379 secundnm
909 2347 1039 2378 cursum
1056 2345 1210 2383 fluminis,
1222 2345 1313 2376 simul
1340 2353 1427 2386 ¹tque
1443 2356 1498 2376 ex-

176 2404 282 2430 trema
296 2394 438 2425 resoluta
453 2395 557 2424 fuere.
574 2394 631 2434 (5)
642 2394 795 2434 Dfioonere
811 2397 839 2427 in
852 2396 985 2430 ordinem,
1001 2399 1031 2423 et
1045 2391 1158 2422 similia
1171 2391 1280 2432 pallini
1299 2390 1397 2421 obvia
1409 2391 1497 2421 sunt.

178 2441 244 2473 Hie
261 2448 371 2471 autem
389 2442 418 2469 in
436 2441 557 2469 ordinem
575 2446 717 2480 opponere.
734 2440 769 2468 E.
805 2437 862 2479 (6)
887 2438 917 2468 h,
934 2449 964 2469 e.
992 2437 1086 2468 vixse
1105 2435 1393 2478 probaverint,vix
1406 2444 1499 2477 pote-

176 2486 244 2518 rint
258 2484 454 2527 persuaderi.
481 2484 690 2527 Sicstdesfieri
705 2483 825 2514 dicitur
838 2484 923 2514 infra
940 2483 963 2514 l.
983 2491 1036 2515 22.
1055 2493 1084 2513 c·
1102 2492 1153 2520 4¹·
1171 2483 1228 2523 (7)
1240 2480 1371 2512 Etiamsi
1385 2480 1500 2522 idjam

180 2538 338 2573 ponatur,
372 2531 537 2567 credatur,
573 2529 738 2570 Hispanos
773 2540 836 2570 ope
865 2528 990 2559 utrium
1022 2527 1213 2559 inflatorum
1245 2537 1374 2557 amnem
1410 2535 1501 2557 tran-

182 2576 260 2608 sisse.
306 2575 362 2618 (8)
387 2577 452 2606 Pro
469 2576 601 2617 fiziffimt,
625 2577 679 2616 (ut
706 2574 786 2616 saepe
803 2575 836 2604 in
865 2574 928 2604 hoc
951 2576 1118 2614 tempore)
1144 2571 1166 2603 si
1198 2572 1243 2610 id,
1265 2572 1355 2613 quod
1381 2572 1501 2602 Coelius

186 2628 310 2658 narrat,
349 2631 465 2652 verum
489 2620 549 2652 elle
578 2619 788 2651 existimetur.
833 2619 1001 2661 [Ceterum
1031 2617 1300 2660 interpunctione
1325 2617 1427 2658 prava
1457 2617 1502 2647 la-

191 2666 288 2710 )orat
312 2665 366 2699 hic
395 2666 484 2703 lucus
498 2665 530 2698 in
545 2666 690 2698 editione
702 2664 1033 2700 Drakenborchianfi.
1054 2663 1107 2706 E‚]
1153 2664 1208 2706 (9)
1238 2665 1314 2696 Plus
1344 2662 1433 2705 apud
1450 2671 1503 2693 me

1387 2717 1502 2745 eornm
