1840 3094
135 2157 175 2189 Γ)
183 2155 297 2198 (Atys-1·
314 2186 318 2191 .

819 158 873 203 T.
925 159 1145 204 LIVII

328 292 452 336 vagos
484 276 745 334 palantesque
768 292 839 332 per
854 294 990 337 agros,
1007 282 1135 334 (quod
1158 279 1286 321 ferme
1306 279 1365 331 fit,
1400 288 1444 320 ut
1467 276 1659 320 secundat

328 354 392 380 res
416 338 707 394 negligentiam
730 345 886 395 creent)
906 342 1043 394 equite
1066 339 1203 394 paffim
1223 340 1396 390 dimisti),
1420 353 1515 380 cum
1538 347 1652 392 mag·-

329 399 381 438 nti
399 399 526 448 caede,
558 398 713 453 majore
749 395 847 451 fuga
885 399 932 437 ad
968 412 1090 439 naves
1124 398 1348 452 compellit.
1382 411 1456 437 nec
1494 396 1653 436 diutius

329 457 437 496 circa
459 469 505 496 ea
538 457 627 496 loca
661 456 811 496 morari
835 455 971 508 ausus,
1004 471 1054 497 ne
1078 473 1098 496 a
1120 457 1313 511 Scipione
1335 455 1655 510 opprimeretur,

329 525 441 554 trans
464 514 630 555 Iberum
654 514 734 555 sese
756 515 922 569 recepit.
986 516 1037 556 Et
1068 515 1222 570 Scipio,
1256 516 1402 570 raptim
1427 516 1477 554 ad
1498 513 1652 554 famam

330 587 531 613 novorum
554 572 733 613 hostium
770 577 792 626 ‡
815 574 977 629 agmine
1010 573 1119 623 acto,
1151 589 1280 629 quum
1314 575 1354 613 in
1377 587 1529 628 paucos
1552 586 1656 626 prae-

330 631 464 673 scelos
495 633 662 671 navium
694 632 1049 682 animadvertisset,
1097 634 1280 688 preefidio
1308 633 1543 672 Tarracone
1566 645 1662 670 mo-

330 691 425 731 dico
481 690 646 740 relloto,
694 691 909 745 Emporias
948 706 1041 732 cum
1084 693 1200 733 class'e
1243 692 1376 732 rediit.
1467 691 1655 730 Vixdum

331 749 502 804 digresso
525 763 588 798 eo,
622 749 854 790 Hasdrubal
872 751 1009 790 aderat
1029 766 1037 790 :
1073 754 1129 800 Sc,
1151 751 1371 806 Ilergetum
1396 751 1564 805 populo,
1587 747 1658 802 qui

330 808 487 848 obfides
523 807 707 861 Scipioni
743 809 925 858 dederat,
957 810 1006 849 ad
1042 809 1320 850 defeelionem
1344 807 1533 864 impulso,
1563 821 1660 847 cum

331 880 479 907 eorum
513 866 693 921 ipsorum
721 868 938 923 juventute
962 882 1079 923 agros
1103 867 1285 908 fidelium
1325 869 1528 908 Romanis
1557 865 1658 907 soci-

333 939 454 966 orum
483 925 623 965 vastat.
686 925 832 966 Excito
867 927 1015 966 deinde
1042 927 1235 981 Scipione
1269 926 1466 978 hibernis,
1488 935 1575 966 toto
1599 925 1660 966 cis

332 984 498 1025 Iberum
521 984 658 1025 rursus
676 985 784 1025 cedit
806 1000 915 1040 agro,
995 985 1150 1040 Scipio,
1183 985 1369 1026 relictam
1407 985 1456 1026 ab
1488 985 1660 1025 au&ore

333 1043 581 1084 defectionis
618 1043 841 1098 Ilergetum
864 1053 1029 1099 gentem
1068 1059 1196 1098 quum
1220 1044 1367 1085 infesto
1390 1044 1573 1085 exercitu
1597 1043 1665 1082 in-

332 1102 502 1149 vafiffet,
546 1102 764 1155 compullis
810 1102 1004 1144 omnibus
1048 1102 1325 1159 Athanagiam
1369 1103 1514 1143 urbem
1551 1106 1662 1156 (quae

335 1172 459 1214 caput:
481 1161 568 1216 ejus
585 1161 727 1214 populi
748 1164 853 1211 erat)
872 1161 1132 1201 circumsedit
1151 1177 1159 1202 :
1183 1163 1370 1216 intraque
1385 1161 1470 1202 dies
1489 1175 1663 1216 paucOS,

332 1219 520 1274 pluribus
547 1219 670 1272 quam
694 1217 788 1259 ante
809 1219 1013 1261 obfidibus
1035 1220 1261 1274 imperatis,
1294 1221 1504 1276 Ilergetes,
1535 1234 1664 1275 pecu-

333 1278 400 1317 nia
422 1277 546 1318 etiam
574 1277 815 1328 inuiolatos,
850 1278 890 1317 in
923 1279 992 1334 jus
1015 1279 1297 1334 ditionemque
1330 1279 1496 1334 recepit.
1559 1279 1664 1320 Inde

333 1336 376 1376 in
400 1335 630 1376 Ausetanos
667 1351 794 1391 prope
835 1336 1016 1388 Iberum,
1049 1337 1177 1378 socios
1212 1340 1253 1379 ἅτ
1287 1337 1392 1392 ipsos
1413 1338 1660 1387 Poenorum,

333 1395 546 1449 procedit:
579 1405 717 1449 atque,
750 1395 849 1436 urbe
891 1410 1035 1436 eorum
1076 1396 1242 1447 obsessa,
1276 1397 1505 1438 Lacetanos
1547 1397 1663 1437 auxi-

333 1454 436 1493 lium
480 1449 666 1493 finitimis
702 1453 880 1495 ferentes
923 1455 1061 1505 noCIe,
1103 1454 1214 1496 haud
1246 1457 1390 1510 procul
1418 1457 1505 1512 jam
1543 1455 1662 1507 urbe,

333 1526 464 1566 quum
487 1511 636 1552 intrare
658 1513 824 1562 vellent,
847 1514 1053 1568 †excepit
1074 1514 1238 1554 infidiis.
1301 1514 1414 1555 Caesa
1435 1515 1485 1555 ad
1506 1515 1666 1555 duode-

333 1571 417 1611 cim
439 1570 590 1611 millia:
622 1571 735 1610 exuti
775 1570 878 1626 pene
916 1586 1059 1612 omnes
1092 1572 1231 1622 armis,
1263 1573 1408 1614 domos
1430 1573 1568 1628 passim
1591 1589 1664 1629 pa-

333 1630 466 1670 lantes
499 1643 571 1683 per
604 1643 723 1685 agros
759 1628 986 1685 diffugere3
1020 1644 1095 1671 nec
1129 1630 1300 1672 obsessos
1336 1632 1413 1672 alia
1457 1633 1538 1672 ulla
1580 1647 1663 1684 reS‚

337 1684 461 1742 quam
505 1688 645 1742 iniqua
687 1688 1021 1744 oppugnantibus
1058 1689 1205 1740 hiems,
1239 1690 1460 1732 tutabatur.
1494 1691 1662 1747 triginta

335 1748 425 1787 <lies
446 1745 600 1787 obfidio
636 1745 744 1787 fuit:
775 1762 848 1801 per
873 1762 977 1801 quos
999 1746 1092 1789 raro
1116 1763 1298 1803 unquam
1322 1750 1391 1790 nix
1434 1750 1574 1791 minus
1597 1753 1662 1806 (2)

336 1815 514 1858 quatuor
548 1806 672 1860 pedes
708 1806 789 1846 alta
808 1806 966 1861 jacuit:
999 1809 1228 1861 adeoquess
1263 1809 1426 1862 pluteos
1454 1823 1500 1849 ac
1522 1808 1663 1852 vineas

315 1863 626 1904 ·Rornanorum
662 1874 898 1918 operuerat,
949 1875 994 1905 ut
1029 1880 1075 1906 ea
1118 1866 1214 1915 sola,
1247 1867 1410 1922 ignibus
1445 1867 1663 1921 aliquoties

333 1922 535 1979 conjectis
556 1921 605 1962 al)
627 1922 756 1971 hoste,
788 1924 911 1963 etiam
935 1926 997 1979 (3)
1019 1934 1296 1965 tutamentum
1319 1925 1457 1966 fuerit.
1500 1926 1664 1968 Postre-

334 1980 406 2021 mi)
431 1996 559 2035 quum
576 1982 788 2021 Amufitus
810 1982 999 2037 princeps
1020 1998 1163 2024 eorum
1187 1985 1235 2023 ad
1254 1984 1553 2026 Hasdrubalem
1568 2000 1664 2040 pro-

338 2039 517 2095 fugisset,
548 2040 693 2094 viginti
726 2041 883 2095 argenti
913 2042 1075 2083 talentis
1096 2042 1206 2097 paeti
1228 2043 1449 2084 deduntur.
1510 2044 1664 2085 Tarra-

333 2112 481 2139 eonem
502 2098 543 2137 in
557 2098 727 2139 hiberna
747 2099 926 2139 reditum
949 2101 1021 2140 est.

391 2157 528 2198 LXII.
551 2157 702 2197 Romae
725 2168 794 2197 aut
811 2158 918 2198 circa
942 2158 1084 2200 urbem
1108 2161 1236 2199 multa
1259 2160 1305 2200 αἱ
1322 2159 1457 2201 hieme
1475 2161 1663 2217 prodigia

334 2215 444 2256 faeta
463 2232 475 2265 ς
508 2225 577 2256 aut
599 2217 728 2270 (quod
748 2217 909 2257 evenire
932 2217 1048 2269 solet,
1081 2218 1203 2258 motis
1220 2218 1341 2259 semel
1363 2219 1403 2258 in
1421 2221 1663 2275 religionem

334 2274 499 2330 animis)
522 2275 654 2315 multa
676 2275 888 2330 nunciata,
918 2278 957 2317 δι
982 2287 1134 2317 temere
1157 2277 1312 2318 credita
1349 2278 1470 2320 sunt:
1503 2280 1544 2319 in
1570 2279 1663 2334 quis

339 2427 474 2472 ‹Iafficmu
523 2430 781 2473 Distinguuntnr
816 2431 882 2468 h'ic.
918 2440 953 2464 ut
983 2433 1082 2475 supra
1118 2445 1144 2466 c.
1169 2444 1223 2474 50.
1248 2445 1264 2466 a
1284 2435 1372 2476 sociis
1398 2434 1572 2472 navalibus,
1601 2446 1661 2477 per

343 2486 427 2515 quos
466 2475 670 2518 intelligendi
705 2477 841 2520 remigis
871 2479 903 2509 Se
931 2487 1064 2517 nautae;
1103 2480 1179 2512 licet
1205 2480 1293 2512 haud
1322 2483 1400 2511 raro
1427 2481 1489 2512 hoc
1524 2481 1659 2513 nomine

334 2520 432 2551 etiam
452 2521 569 2552 milites
587 2521 701 2553 ‹laffici
721 2522 922 2555 indicentur.
982 2525 1038 2566 (2)
1065 2525 1143 2557 Vid.
1174 2533 1245 2557 not.
1275 2535 1301 2556 1.
1329 2527 1380 2557 ad.
1409 2537 1434 2556 c.
1465 2537 1523 2565 5¹·
1548 2527 1656 2569 snpra.

332 2566 399 2643 (ιηέ)1
415 2565 478 2596 Nix
499 2567 565 2599 sola
595 2567 716 2601 tutavit
737 2567 848 2602 vincas
866 2571 1034 2603 Romamn
1042 2581 1098 2603 um
1114 2571 1271 2604 adversus
1299 2570 1388 2614 ignes
1404 2572 1447 2602 ab
1473 2571 1563 2604 hoste
1579 2583 1661 2603 con·

332 2612 362 2651 je
402 2622 447 2644 os.
475 2613 510 2643 E.

1425 2679 1652 2736 ingenuum
