1834 3099
161 181 243 211 110
897 165 949 207 T.
1004 164 1219 207 LIVII

383 283 494 325 tibus
522 298 618 324 cum
640 283 829 326 libertate
863 298 909 326 ac
948 283 1108 340 legibus
1133 283 1214 324 suis
1250 281 1490 338 responsum
1513 283 1563 325 ab
1583 283 1723 325 senatu

382 343 457 394 est,
491 353 536 382 ut
569 343 767 392 redirent,
801 358 932 398 quum
957 343 1108 384 Fabius
1143 342 1285 383 consul
1324 342 1507 382 Romam
1541 343 1724 385 veniffet.

382 403 493 443 Ludi
512 404 548 442 8<
577 402 760 443 Romani
779 405 822 444 &
842 402 988 457 plebeii
1004 417 1052 443 eo
1075 417 1184 442 anno
1203 401 1244 441 in
1262 402 1440 457 singulos
1462 401 1549 443 dies
1571 402 1725 444 instau-

383 462 475 503 rati.
539 461 700 502 AEdiles
731 464 894 503 curules
930 462 1047 502 fuere
1087 463 1134 502 L.
1166 460 1386 502 Cornelius
1429 459 1648 503 Caudinus
1679 464 1720 504 &

381 520 472 562 Ser.
492 520 703 574 Sulpicius
728 521 862 562 Galba
881 537 890 562 z
922 520 1070 576 plebeii
1090 520 1136 561 C.
1163 519 1361 561 Servilius
1383 522 1420 561 3<
1447 520 1507 577 Q
1522 520 1719 563 Caecilius

384 580 602 621 Metellus.
666 580 887 623 Servilium
912 580 1119 635 negabant
1142 580 1236 635 jure
1254 590 1325 620 aut
1353 579 1567 620 tribunum
1591 580 1724 635 plebis

382 637 518 690 fuiffe,
550 649 621 680 aut
642 640 805 681 aedilem
836 640 929 690 effe,
963 642 1025 694 (2)
1048 637 1160 693 quod
1185 650 1344 693 patrem
1366 639 1472 695 ejus,
1504 653 1630 694 quem
1652 641 1726 680 tri-

383 698 594 739 umvirum
631 698 838 755 agrarium
866 698 1050 740 occisum
1075 700 1138 753 (3)
1160 714 1181 738 a
1218 697 1331 739 Boiis
1371 698 1479 739 circa
1503 698 1721 740 Mutinam

382 757 459 799 effe
477 757 618 812 opinio
636 773 709 813 per
724 759 866 799 decem
891 772 1020 798 annos
1049 757 1200 807 fuerat,
1233 757 1386 810 vivere,
1419 767 1544 812 atque
1566 757 1606 799 in
1629 757 1723 800 hos-

382 817 487 857 tium
516 816 716 871 potestate
734 818 827 868 effe,
859 817 953 858 satis
976 817 1206 858 constabat,

156 888 199 919 U.
219 896 340 926 0544-
441 875 582 917 XXII.
613 876 855 917 Undecimo
885 891 995 917 anno
1017 876 1163 917 Punici
1196 875 1292 917 belli
1323 875 1584 917 consulatum
1617 874 1722 916 inie-

154 936 236 965 ²·C·
255 933 339 984 2082
383 944 480 975 runt
511 934 576 975 M.
601 935 830 976 Marcellus
864 936 1061 990 quintum
1098 938 1163 990 (ut
1195 947 1438 976 numeretur
1470 935 1723 984 consulatus,

151 979 367 1069 Υῶᾝιῗὲὲῗ
384 995 445 1048 (1)
462 1006 586 1048 quem
609 993 708 1034 vitio
732 1004 894 1035 creatus
916 1009 999 1034 non
1035 994 1170 1050 geflit)
1199 997 1237 1035 δε
1265 995 1319 1035 T.
1343 994 1574 1052 Qinaeffius
1608 993 1722 1036 Cris.

154 1051 202 1103 ‘5'0
218 1049 310 1104 ‘Cosa
382 1053 520 1107 pinus.
581 1052 784 1108 Utrisque
807 1052 1042 1094 consulibus
1074 1054 1190 1093 Italia
1224 1055 1387 1095 decreta
1417 1053 1627 1108 provincia
1648 1053 1723 1105 est,

154 1120 330 1150 Provincia·
386 1114 425 1153 &
450 1113 534 1152 duo
551 1110 785 1153 consulares
807 1112 955 1168 prioris
978 1112 1074 1153 anni
1095 1113 1301 1154 exercitus
1321 1128 1329 1154 :
1363 1113 1509 1153 tertius
1523 1124 1612 1154 tum
1633 1124 1719 1153 erat

156 1178 217 1194 ’Μ
241 1165 356 1208 divgfio.
382 1171 594 1222 Venufiae,
627 1172 694 1212 cui
730 1172 796 1213 M.
818 1173 1046 1213 Marcellus
1081 1170 1317 1226 praefuerat.
1341 1171 1399 1212 ita
1431 1182 1477 1212 ut
1511 1185 1565 1212 ex
1587 1171 1720 1212 tribus

383 1230 583 1286 eligerent
604 1235 629 1284 †
650 1232 751 1282 duo,
783 1245 888 1286 quos
919 1232 1103 1280 vellent3
1137 1231 1283 1272 tertius
1305 1230 1344 1271 ei
1371 1232 1618 1282 traderetur,
1651 1231 1720 1272 cui

381 1289 615 1331 Tarentum
636 1292 677 1332 &
702 1290 918 1331 Sallentini
940 1290 1151 1345 provincia
1166 1291 1372 1331 eveniss'et.
1435 1289 1600 1332 Ceterae
1621 1305 1719 1346 pro-

381 1348 531 1390 vinciae
552 1349 608 1389 ita
641 1348 778 1390 divisae
821 1349 1082 1405 praetoribus.
1135 1351 1179 1391 P.
1210 1349 1374 1392 Licinio
1399 1349 1512 1391 Varo
1548 1349 1733 1400 urbana,-

381 1407 431 1448 P.
469 1408 634 1452 Licinio
667 1408 806 1450 Crasso
847 1408 1036 1464 pontifici
1069 1408 1252 1449 maximo
1288 1408 1520 1465 peregrina,
1555 1411 1595 1452 &
1632 1407 1718 1464 quo

381 1467 547 1508 senatus
570 1467 783 1509 censuisset
802 1483 811 1509 :
842 1469 938 1509 Sex.
972 1467 1085 1522 Julio
1107 1467 1258 1509 Caesari
1275 1467 1433 1519 Sicilia,
1467 1467 1523 1524 Q.
1541 1466 1719 1510 Claudio

380 1526 559 1567 Flamini
593 1526 841 1568 Tarentum.
904 1528 1183 1583 Prorogatum
1218 1527 1441 1582 imperium
1474 1527 1516 1566 in
1558 1541 1717 1568 annum

380 1585 438 1626 cst
474 1586 531 1642 Q.
554 1585 702 1626 Fulvio
723 1587 889 1636 Flacco,
938 1596 983 1627 ut
1011 1586 1267 1641 provinciam
1300 1586 1506 1642 Capuam,
1538 1601 1632 1641 quae
1661 1586 1716 1629 T.

381 1643 576 1700 Quinfiiii
598 1645 784 1700 praetoris
805 1644 959 1698 fuerat,
992 1659 1088 1686 cum
1112 1646 1192 1686 una
1210 1645 1371 1701 legione
1388 1645 1606 1687 obtineret.
1622 1661 1718 1701 pro-

380 1714 572 1760 rogatum
603 1706 640 1745 &
675 1704 727 1746 C.
760 1704 942 1745 Hostilio
973 1703 1144 1745 Tubulo
1173 1704 1247 1756 est,
1281 1716 1327 1745 ut
1358 1719 1434 1760 pro
1466 1715 1641 1760 praetore
1671 1706 1713 1745 in

379 1762 588 1803 Etruriam
610 1764 662 1804 ad
683 1763 786 1804 duas
801 1764 985 1819 legiones
999 1763 1234 1804 succederet
1257 1764 1308 1806 C.
1333 1763 1562 1819 Calpurnio
1581 1779 1590 1804 z
1619 1778 1715 1819 pro-

381 1832 572 1878 rogatum
603 1824 640 1863 &
665 1822 716 1862 L.
736 1823 915 1863 Veturio
935 1823 1098 1864 Philoni
1132 1823 1208 1875 est,
1240 1833 1286 1864 ut
1307 1838 1382 1878 pro
1411 1833 1588 1878 praetore
1610 1824 1714 1864 Gal-

378 1880 478 1921 liam
511 1882 686 1921 eandem
718 1881 973 1936 provinciam
1010 1896 1106 1922 cum
1134 1882 1277 1922 iisdem
1300 1881 1459 1923 duabus
1482 1881 1713 1938 legionibus

377 1939 599 1990 obtineret,
632 1939 781 1994 quibus
803 1950 955 1996 praetor
975 1940 1223 1982 obtinuiffet.
1288 1942 1417 1998 Quod
1439 1941 1482 1982 in
1503 1941 1554 1982 L.
1577 1940 1713 1982 Vetu-

377 1998 458 2052 rio,
490 1999 602 2040 idem
622 1999 663 2039 in
680 2000 730 2042 C.
752 2001 1042 2041 Aurunculeio
1063 2001 1277 2041 decretum
1301 2002 1351 2041 ab
1372 2000 1529 2049 senatu,
1561 2000 1714 2041 latum-

377 2072 459 2111 que
477 2059 527 2099 de
557 2060 819 2115 prorogando
840 2059 1016 2114 imperio
1042 2060 1093 2100 ad
1123 2061 1325 2115 populum
1360 2059 1434 2110 est,
1467 2058 1539 2114 qui
1560 2070 1712 2114 praetor

375 2117 608 2158 Sardiniam
631 2118 884 2171 provinciam
908 2133 1004 2160 cum
1027 2117 1187 2160 duabus
1207 2118 1440 2174 legionibus
1459 2117 1708 2160 obtinuerat.

375 2176 526 2217 additae
555 2177 591 2217 ei
622 2180 671 2216 ad
707 2177 940 2231 praefidium
974 2177 1198 2232 provinciae
1231 2177 1533 2234 quinquaginta
1568 2191 1710 2231 naves,

375 2249 476 2290 quas
499 2235 545 2276 P.
572 2236 714 2290 Scipio
735 2250 784 2276 ex
806 2237 1006 2292 Hispania
1035 2237 1208 2277 miliss'et.
1276 2240 1328 2277 Et
1350 2239 1416 2292 (2)
1438 2238 1483 2278 Ρ.
1503 2236 1709 2292 Scipioni,

1346 2314 1352 2319 ·
1417 2299 1458 2338 δε
1481 2296 1545 2337 Μ.
1566 2296 1708 2337 Silano

373 2435 521 2467 tandum.
567 2433 626 2477 (2)
650 2435 791 2476 Nempe,
812 2442 851 2465 ut
875 2433 1029 2466 discimus
1057 2444 1097 2466 ex
1113 2433 1214 2465 Livio
1231 2434 1253 2466 1.
1276 2443 1330 2474 30.
1355 2443 1385 2465 c.
1406 2442 1459 2474 19.
1489 2432 1591 2470 infra,
1613 2440 1704 2466 veta-

373 2478 452 2511 bant
477 2480 573 2523 leges,
595 2490 796 2522 quenquam,
819 2488 925 2522 patre,
947 2480 1004 2521 qui
1022 2480 1130 2511 curuli
1158 2479 1233 2511 sella
1252 2478 1390 2516 sedisset,
1414 2479 1504 2516 vivo,
1525 2487 1582 2510 aut
1596 2478 1704 2511 tribu·

372 2532 465 2561 num,
489 2533 546 2557 aut
565 2525 688 2558 aedilem
707 2526 812 2568 plebis
828 2524 899 2557 effe.
944 2527 1002 2568 (3)
1016 2526 1097 2558 Vid.
1115 2525 1215 2568 supra
1232 2526 1251 2556 l.
1271 2535 1324 2558 21.
1340 2536 1367 2557 c.
1381 2534 1436 2564 25.

418 2572 458 2603 C.
490 2581 546 2604 22.
564 2572 622 2614 (1)
646 2572 727 2604 Vid.
759 2571 858 2614 supra
887 2571 907 2602 l.
938 2581 998 2611 23.
1031 2583 1061 2604 c.
1093 2581 1144 2611 31.
1188 2572 1247 2611 (2)
1270 2574 1319 2603 At
1336 2571 1435 2612 supra
1452 2580 1483 2602 c.
1505 2580 1537 2612 7.
1554 2569 1702 2613 Scipioni

371 2615 550 2659 §nauoque
582 2625 800 2661 prorogatum
832 2617 1012 2660 imperium
1043 2617 1179 2653 dicitur,
1205 2627 1274 2649 non
1304 2616 1341 2648 in
1366 2627 1507 2656 annum,
1525 2617 1580 2650 sed
1596 2611 1702 2648 donec

1551 2669 1700 2696 revocati
