1834 3099
419 298 1153 347 T.LIV11PATAVINI

199 433 1348 521 HISTORIARUM

344 621 454 669 AB
501 621 719 670 URBE
768 623 1163 673 CONDITA

587 786 922 842 LIBRI.

281 931 544 976 EPITOME
565 933 725 976 LIBRI
755 936 1032 980 VIGESIMI
1061 937 1242 984 SEXTI.

99 1073 437 1130 HANNIBAL
487 1088 540 1129 ad
569 1089 723 1129 tertium
758 1089 803 1130 ab
824 1090 913 1130 urbe
948 1090 1075 1133 Romo
1112 1091 1273 1147 lapidem
1291 1094 1418 1152 super

96 1148 282 1189 Anienem
333 1148 454 1205 castra
490 1150 622 1203 posuit.
680 1148 750 1204 ipse
792 1148 882 1189 vero
934 1166 1018 1190 cum
1068 1151 1203 1192 duobus
1253 1154 1414 1196 millibus

95 1208 261 1261 equitum
283 1208 392 1262 usque
411 1206 464 1246 ad
480 1207 596 1262 ipsam
624 1206 811 1260 Capenam
836 1210 898 1262 (1)
912 1217 1078 1262 portam,
1111 1218 1153 1250 ut
1173 1211 1276 1251 urbis
1288 1212 1412 1266 sttum

95 1265 320 1320 exploraret,
349 1267 586 1319 obequitavit.
614 1265 666 1307 ξδ’
695 1281 811 1319 quum
834 1276 906 1318 per
926 1266 1098 1307 triduum
1131 1270 1193 1324 (2)
1225 1271 1264 1309 in
1295 1273 1410 1311 aciem

94 1326 272 1380 utrinque
291 1326 473 1365 exercitus
491 1324 608 1363 omnis
638 1322 877 1380 descendiffet,
910 1334 1094 1365 certamen
1125 1329 1323 1385 tengoestas
1352 1330 1411 1370 di-

91 1385 201 1424 remit
215 1401 228 1423 .-
261 1385 323 1438 (3)
364 1398 452 1422 nam
487 1397 602 1436 quum
633 1383 672 1420 in
703 1382 821 1438 castra
853 1382 1047 1439 rediffnt,
1062 1384 1200 1440 statim
1216 1386 1410 1442 serenitas

89 1450 184 1482 erat.
220 1442 352 1496 Capua
364 1449 471 1495 capta
487 1440 535 1497 est
553 1457 576 1480 a
593 1438 811 1495 Q.Fulvio
835 1439 887 1482 ἔθ’
902 1442 978 1494 Ap.
1002 1441 1156 1482 Claudio
1176 1445 1237 1498 (4)
1253 1446 1407 1499 confidi-

87 1501 168 1543 bus.
231 1500 436 1553 Principes
468 1501 747 1553 Campanorum
778 1513 915 1539 veneno
929 1498 1009 1554 sthi
1028 1502 1283 1556 consciverunt
1304 1520 1403 1544 mor-

86 1568 174 1599 tem.
241 1559 380 1615 Quum
399 1558 556 1613 senatus
582 1557 860 1612 Campanorum
891 1557 1075 1612 deligatus
1105 1560 1257 1616 effetad
1276 1563 1401 1614 palos,

87 1627 130 1657 ut
146 1619 276 1673 securi
287 1618 488 1674 feriretur
505 1640 519 1664 ,·
552 1616 681 1656 literas
701 1632 725 1656 a
743 1616 883 1671 senatu
906 1617 1027 1672 mifflzs
1047 1620 1109 1673 (5)
1135 1617 1195 1674 Q
1235 1618 1402 1662 Fulvius

84 1691 148 1716 con
166 1677 219 1726 ul,
248 1676 384 1731 quibus
403 1676 612 1730 jubebatur
635 1684 807 1728 parcere,
837 1683 1037 1729 antequam
1069 1677 1220 1731 legeret,
1251 1680 1290 1717 in
1304 1679 1399 1733 sinu

75 1735 214 1790 posuit,
250 1735 303 1777 {9³
335 1735 411 1789 lege
441 1736 506 1788 agi
529 1731 648 1788 juffit,
684 1734 737 1776 Εἴ
755 1732 985 1790 supplicium
1012 1738 1171 1790 peregit.
1257 1736 1398 1792 „Quum

80 1795 122 1833 in
151 1795 304 1834 comitiis
333 1792 437 1847 apud
457 1793 633 1847 populum
664 1800 906 1846 quareretur,
937 1793 999 1833 cui
1029 1795 1275 1835 mandaretur
1303 1795 1398 1853 His-

70 1853 281 1906 paniarum
311 1853 506 1906 imperium
525 1873 540 1897 ,·
588 1850 687 1890 nullo
716 1851 759 1890 id
785 1851 925 1891 volente
941 1852 1139 1907 suscipere,
1173 1853 1224 1893 P.
1262 1853 1395 1909 Scipio,

80 1911 133 1951 P.
155 1910 285 1967 filius,
316 1913 382 1966 qui
401 1912 440 1950 in
461 1909 651 1965 Hispania
671 1909 866 1958 ceciderat,
890 1910 1072 1966 p²·0fi’ffls
1091 1911 1198 1968 estse
1215 1914 1361 1953 iturum
1379 1933 1393 1954 .-

83 1969 148 2019 ξδ’,
205 1969 366 2027 uffragio
402 1969 530 2022 populi
566 1968 802 2023 consensuque
838 1970 1003 2008 omnium
1054 1970 1194 2025 miffus,
1238 1971 1393 2013 Novam

76 2027 358 2083 Karthaginem
392 2043 462 2067 uno
496 2026 555 2066 die
578 2029 827 2081 expugnavit,
860 2043 972 2082 quum
1012 2037 1139 2081 ageret
1174 2029 1390 2085 vigesimum

75 2095 256 2141 quartum
289 2101 447 2136 annum,
480 2085 744 2139 videreturque
778 2085 916 2126 divina
929 2086 1058 2141 stirpe
1089 2097 1238 2128 creatus
1255 2108 1267 2128 .·
1300 2106 1391 2145 quo-

133 2145 198 2185 To
206 2161 255 2187 λι.
277 2144 354 2184 IV.
764 2143 799 2184 B
1285 2150 1390 2189 niam

119 2261 210 2305 Epit.
231 2262 252 2293 1.
276 2262 329 2293 26.
348 2262 403 2303 (1)
427 2262 509 2293 Sunt
527 2260 582 2303 qui
599 2262 738 2293 Collinam
755 2262 873 2293 volunt
889 2275 895 2294 ε
916 2262 948 2293 &
966 2262 1011 2294 ita
1029 2261 1160 2304 quidem
1181 2263 1317 2304 Plinius,
1332 2276 1384 2299 xv.

77 2309 132 2342 18.
151 2310 181 2339 δι
199 2307 329 2339 Servius
358 2309 399 2339 ad
416 2307 483 2338 viii.
498 2309 578 2338 AEn.
598 2317 670 2339 110.
731 2310 779 2339 At
798 2307 949 2339 Valerius
968 2309 1136 2339 Maximus
1154 2309 1199 2341 iii.
1222 2319 1253 2349 7.
1275 2322 1307 2343 n.
1334 2323 1384 2344 10.

72 2356 159 2387 idem
198 2355 299 2385 refert
328 2354 418 2394 quod
454 2354 572 2384 andtor
595 2353 767 2395 epitomes.
818 2352 908 2384 Infrit
932 2364 962 2384 c.
984 2363 1034 2384 10.
1066 2363 1226 2386 memorat
1255 2355 1386 2396 Livius,

72 2399 296 2432 Hannibalem
320 2412 339 2429 a
369 2399 456 2441 porti}
483 2397 598 2429 Collina
622 2401 701 2440 usque
736 2401 774 2429 ed
807 2400 942 2429 Herculis
973 2402 1105 2441 templum
1128 2401 1178 2442 ‘ff
1198 2403 1384 2445 progreſjitm.

70 2448 121 2478 De
139 2446 198 2477 situ
215 2453 326 2477 autem
341 2443 429 2475 istius
446 2443 560 2486 templi
578 2454 695 2485 parum
709 2443 847 2476 constat.
892 2445 950 2485 (2)
974 2446 1076 2476 Immo
1090 2446 1214 2484 biduum,
1227 2457 1266 2477 ex
1279 2447 1382 2482 Livio

70 2491 157 2523 infra
172 2503 199 2523 c.
228 2500 280 2523 ιι.
354 2490 410 2530 (3)
437 2488 596 2533 Tempestas
613 2489 773 2521 divinitus
789 2491 830 2520 ad
847 2489 880 2520 id
896 2488 1008 2528 missa;
1031 2488 1097 2521 nan}
1117 2491 1179 2522 &c.
1238 2493 1380 2526 Fortasse

70 2537 194 2579 aliquid
212 2544 288 2568 ante
305 2535 389 2567 hanc
408 2534 603 2577 particulam
626 2534 806 2572 intercidit,
830 2534 926 2575 quale
950 2535 1132 2577 reperimus
1156 2537 1246 2579 apud
1271 2537 1378 2580 ipsum

70 2583 217 2620 Livium,
239 2581 327 2613 infra
344 2592 371 2612 c.
391 2591 442 2611 11.
490 2582 526 2612 In
544 2582 703 2623 religionem
726 2594 759 2611 ea
785 2594 826 2610 rei
851 2583 929 2622 apud
952 2583 1048 2613 Panos
1072 2583 1154 2612 versa
1180 2583 1230 2622 est,
1283 2586 1378 2621 Mun,

72 2628 132 2659 διε.
190 2628 247 2668 (4)
271 2629 374 2658 lmmo
385 2627 590 2669 proconsulibus
609 2641 615 2646 ·
641 2634 678 2657 ut
698 2628 729 2657 ὅς
746 2625 832 2656 infra
850 2625 946 2657 scribi
965 2627 1079 2659 debuit
1107 2629 1151 2672 Q.
1165 2630 1285 2660 Fulvius
1304 2638 1377 2671 pro-

68 2675 165 2714 wsul,
191 2674 240 2704 vei
263 2683 316 2716 pro
335 2672 450 2714 enfide.
511 2673 566 2713 (ς)
592 2671 704 2704 Potius
721 2683 739 2703 a
765 2671 949 2714 Calpurnio
967 2682 1129 2714 praetore;
1154 2685 1231 2706 cum
1254 2675 1376 2715 quibus

1222 2719 1377 2764 equidem
1420 2725 1422 2729 “
