1834 3099
305 82 341 123 L
366 84 434 126 113
459 83 492 123 E
514 82 555 123 R
617 80 798 124 XXVII.
862 81 896 122 C
921 82 958 123 A
983 83 1027 125 P.
1089 85 1223 127 XLII.
1576 107 1651 152 ¹35

110 211 182 250 per
202 208 359 239 metum
378 201 427 239 ad
444 200 656 240 Romanos
673 198 919 240 defeciffent.
939 198 1085 242 eodem
1102 218 1124 243 a
1140 203 1314 246 Venufifi
1329 218 1428 247 con-

109 258 169 296 sul
193 257 410 298 Romanus
431 260 650 313 exploratis
672 257 883 298 itineribus
901 262 1127 311 contendit,
1159 265 1197 303 δε
1218 265 1326 304 mille
1341 265 1425 306 fere
1447 253 1572 308 Ner⁰nf¹
1588 257 1628 288 εἷ’

108 317 150 356 δε
173 316 419 372 quingentos
453 319 584 371 pafi'us
621 317 746 357 castra
783 316 831 356 ab
869 315 982 357 hoste
1015 319 1135 360 locat.
1199 321 1423 364 Grumenti
1439 300 1625 383 &zalal—u

107 375 315 416 moenibus
343 375 470 430 prope
492 382 516 429 †
537 375 770 432 injunctum
788 373 999 415 videbatur
1020 380 1081 432 (2)
1100 380 1322 421 Poenorum
1339 385 1422 422 val-
1438 391 1513 423 lata,

106 432 206 474 lum.
232 435 445 490 quingenti
468 435 597 489 passus
612 435 845 474 intererant.
908 433 1048 475 Castra
1069 436 1225 478 Punica
1252 453 1298 478 ac
1335 441 1423 481 Ro-

106 504 225 532 mana
243 493 519 549 interjacebat
541 506 726 546 campus,
759 493 882 532 colles
905 491 1176 535 imminebant
1192 497 1292 537 nudi
1315 498 1424 539 finis-

105 559 168 589 tro
187 552 299 591 lateri
315 551 731 607 Karthaginienfium,
764 551 910 590 dextro
927 551 1233 605 Romanorum,
1265 557 1422 599 neutris

103 607 294 663 suspecti,
327 608 441 665 quod
477 609 577 649 nihil
615 609 719 649 filvae
749 622 882 662 neque
906 611 955 649 ad
988 610 1148 652 infidias
1174 613 1421 656 latebrarum

102 667 320 709 habebant.
382 670 427 710 In
449 669 585 708 medio
606 681 751 721 campo
772 667 821 707 ab
844 667 1082 709 stationibus
1107 676 1121 721 Η
1140 672 1423 724 procursantes

103 729 340 778 certamina,
371 728 480 768 haud
514 727 608 766 satis
636 726 756 780 digna
790 726 922 778 dictu,
955 726 1152 770 serebant.
1213 730 1261 770 Id
1294 730 1421 772 modo

102 785 343 826 Romanum
385 799 564 840 quaerere
599 784 830 838 apparebat,
875 800 926 825 ne
968 785 1077 825 abire
1108 786 1266 828 hostem
1309 800 1422 844 pate-

100 855 225 886 retur.
287 844 511 892 Hannibal,
544 844 638 883 inde
659 844 828 883 evadere
847 844 1032 898 cupiens,
1064 845 1159 885 totis
1188 847 1341 889 viribus
1378 849 1420 889 in

100 903 229 943 aciem
250 903 532 945 descendebat.
573 903 686 943 Tum
703 902 862 954 consul,
894 908 955 958 (3)
977 903 1141 958 ingenio
1158 903 1284 947 hostis
1307 907 1419 959 usus,

98 975 182 1014 quo
200 962 336 1003 minus
359 963 400 1002 in
422 973 507 1003 tam
528 961 676 1016 apertis
691 961 863 1001 collibus
892 962 1024 1002 timeri
1046 962 1198 1003 infidiae
1213 976 1418 1019 poterant,
1436 980 1547 1024 1,ststae
1565 984 1622 1015 R,-

97 1020 280 1076 quinque
320 1021 526 1072 cohortes,
558 1019 704 1060 additis
739 1020 920 1074 quinque
943 1020 1177 1075 manipulis,
1209 1023 1332 1064 noete
1350 1026 1589 1080 ju-munm1m.

97 1094 197 1134 gum
220 1080 423 1135 superare,
458 1082 496 1121 ἃ
519 1081 559 1119 in
580 1078 762 1131 †avers1s
785 1083 849 1133 (4)
869 1078 1040 1120 vallibus
1061 1080 1265 1122 confidere
1283 1082 1415 1138 jubet.

97 1149 259 1193 tempus
276 1138 516 1194 exsurgendi
535 1153 584 1178 ex
603 1137 768 1186 infidiis,
806 1140 841 1178 δι
864 1138 1125 1193 aggrediendi
1141 1138 1314 1190 hostem,
1346 1142 1415 1185 Ti.

97 1196 318 1238 Claudium
355 1198 540 1238 Asellum
577 1197 788 1236 tribunum
826 1196 1005 1236 militum
1030 1199 1066 1237 &
1111 1197 1158 1238 P.
1195 1199 1417 1242 Claudium

95 1255 340 1310 praefesfhtm
379 1255 534 1297 socium
556 1256 716 1303 edocet,
749 1268 851 1308 quos
873 1269 969 1295 cum
995 1254 1042 1295 iis
1065 1255 1265 1298 mittebat.
1328 1258 1416 1314 Ipse

95 1315 185 1355 luce
208 1316 340 1369 prima
375 1315 511 1369 copias
534 1328 678 1354 omnes
700 1313 884 1367 peditum
906 1314 1174 1368 equitumque
1211 1315 1253 1355 in
1285 1317 1416 1359 aciem

93 1374 248 1414 eduxit.
309 1374 454 1414 Paullo
496 1371 586 1427 post
618 1376 655 1414 δι
682 1372 731 1412 ab
767 1372 1000 1412 Hannibale
1021 1378 1046 1426 †
1067 1372 1224 1428 signum
1265 1389 1418 1431 pugnae

93 1433 344 1488 propofitum
367 1432 441 1483 est,
474 1433 710 1485 clamorque
733 1430 775 1469 in
795 1430 934 1470 castris
966 1432 1015 1471 ad
1045 1445 1156 1472 arma
1187 1432 1416 1475 discurren-

92 1492 198 1532 tium
226 1491 284 1532 est
324 1491 517 1532 sublatus.
560 1491 653 1530 inde
685 1502 810 1542 eques
846 1488 1048 1544 pedesque
1077 1491 1263 1531 certatim
1286 1494 1415 1546 portis

89 1564 224 1600 ruere,
257 1566 302 1592 ac
327 1550 450 1605 palati
465 1563 536 1603 per
558 1562 751 1603 campum
772 1561 988 1603 properare
1011 1549 1060 1588 ad
1082 1547 1230 1590 hostes.
1293 1551 1413 1606 Quos

92 1609 162 1650 ubi
179 1610 327 1651 effusos
349 1608 491 1650 consul
517 1608 645 1660 videt,
678 1607 844 1647 tribuno
879 1606 1057 1661 militum
1080 1607 1211 1648 tertiae
1240 1609 1413 1664 legionis

90 1668 140 1710 C.
172 1668 457 1710 Aurunculeio
492 1667 682 1722 imperat,
733 1675 778 1705 ut
818 1665 977 1720 equites
1017 1665 1205 1721 legionis,
1257 1678 1413 1722 quanto

90 1729 271 1769 maximo
293 1728 451 1782 impetu
487 1726 619 1781 poffit,
652 1725 693 1764 in
731 1723 888 1764 hostem
924 1724 1098 1765 emittat.
1122 1724 1177 1765 ita
1212 1739 1409 1779 pecorum

89 1789 213 1828 modo
236 1785 524 1841 incompositos
543 1795 629 1825 toto
643 1782 782 1839 passim
800 1797 946 1838 campo
967 1782 1004 1823 se
1027 1782 1188 1835 fudisse,
1220 1794 1266 1823 ut
1287 1783 1408 1828 sterni

89 1846 356 1901 ssobterique‚
388 1843 623 1899 priusquam
645 1842 912 1890 instruantur,
943 1841 1101 1896 possint.

147 1904 282 1946 XLII.
313 1904 514 1944 Nondum
536 1901 743 1942 Hannibal
761 1900 934 1940 ecastris
957 1900 1124 1948 exierat,
1153 1913 1282 1953 quum
1305 1916 1409 1958 pug-
1428 1933 1458 1964 p
1493 1946 1530 1964 M

89 1964 277 2005 nantium
299 1964 518 2003 clamorem
539 1960 705 2000 audivit.
731 1959 882 2012 itaque,
912 1958 1069 1998 excitus
1087 1958 1298 2010 tumultus
1317 1974 1408 2015 rap·
1425 1946 1618 2015 mii‘iiturcfm·

90 2025 163 2064 tim
200 2023 250 2062 ad
286 2020 444 2061 hostem
479 2019 616 2073 copias
644 2017 741 2073 agit.
822 2017 914 2069 Jam
951 2016 1104 2070 primos
1136 2029 1408 2072 occupaverat

87 2081 273 2139 equester
295 2079 362 2134 (1)
394 2089 534 2119 terror.
557 2075 743 2131 peditum
763 2074 886 2115 etiam
909 2074 1040 2128 prima
1061 2073 1167 2129 legio
1203 2079 1243 2119 ὅτ
1266 2076 1409 2118 dextra

1302 2139 1326 2189 ,ἶ
1346 2136 1410 2178 ala

110 2257 255 2292 erundiis
272 2257 317 2288 ita
330 2254 425 2286 dietis
443 2254 561 2291 utitur,
581 2252 659 2284 licet
678 2260 803 2283 certum
819 2250 867 2290 fit,
890 2261 965 2282 eum
982 2250 1092 2293 potius
1106 2250 1290 2294 participiis
1307 2251 1341 2284 in
1357 2256 1408 2286 due

90 2306 288 2339 delcetatum
306 2301 377 2333 effe.
425 2303 482 2342 (2)
506 2297 663 2330 Romanis
677 2308 805 2339 nempe,
828 2307 866 2328 ex
889 2295 1065 2328 intervallo
1081 2297 1317 2339 spectantibus.
1359 2303 1408 2333 At

88 2362 204 2384 revera
233 2348 402 2391 quingenti
419 2345 525 2388 passus
542 2345 723 2375 intererant
740 2343 825 2373 inter
844 2342 1018 2373 Grumenti
1036 2341 1150 2373 mania
1169 2342 1201 2373 δι
1219 2342 1319 2374 castra
1338 2346 1409 2376 1>oe-

89 2407 222 2430 norum.
273 2396 326 2436 (3)
352 2392 520 2434 Ingenium
538 2388 634 2421 hostis
651 2388 808 2424 imitatus,
833 2387 864 2417 &
882 2387 1036 2419 adversus
1047 2389 1185 2420 Poenum
1196 2395 1268 2420 arte
1285 2390 1410 2422 Punic&

90 2451 199 2475 utens.
245 2441 299 2484 (41
317 2438 436 2483 Aversts
462 2446 579 2478 nempe
609 2434 758 2476 respectu
781 2431 926 2472 collium,
948 2433 969 2464 i.
984 2443 1013 2465 e.
1031 2443 1100 2474 quae
1126 2433 1197 2476 post
1214 2433 1312 2466 colle's
1324 2436 1410 2478 jace.

90 2489 184 2521 bant.

137 2548 178 2583 C.
198 2555 254 2586 42.
269 2544 323 2588 (1)
350 2541 423 2576 Hac
440 2538 546 2574 forma
562 2548 628 2572 vox
644 2536 788 2576 occurrit
806 2537 904 2582 supra
921 2537 943 2571 l.
969 2548 1000 2580 5.
1025 2550 1051 2571 c.
1072 2546 1102 2579 7.
1126 2536 1150 2571 l.
1181 2545 1240 2581 25.
1255 2548 1284 2573 e.
1311 2548 1364 2618 ng
1389 2540 1413 2573 l.

1317 2594 1335 2619 2
1361 2609 1369 2618 .
1385 2597 1413 2618 c.
