1834 3099
116 149 202 194 27⁶

110 480 240 514 canitia.

105 816 270 848 Sacerdotes

101 865 202 893 mermi
218 865 258 895 δ’

89 910 219 951 Λψῶ,

865 145 920 190 Τ,
963 145 1162 190 LIVII

399 263 645 307 XXXVIII.
677 262 832 304 Eadem
858 263 993 305 aestate
1016 264 1058 304 in
1080 262 1255 305 Bruttiis
1277 263 1507 320 Clampetia
1528 280 1551 306 a
1573 279 1675 308 con·

339 322 422 363 sule
464 324 503 364 vi
527 326 589 379 (1)
619 333 752 378 capta,
799 322 1021 364 Consentia
1055 325 1093 364 &
1124 323 1339 373 Pandofia‚
1393 327 1431 365 ὅτ
1470 323 1672 380 ignobiles

337 382 426 423 alise
466 383 665 432 civitates,
717 383 927 422 voluntate
965 382 1007 422 in
1051 382 1250 423 ditionem
1279 386 1538 435 ssvenerunt.
1600 383 1672 433 Et,

337 455 468 494 quum
491 442 754 483 comitiorum
770 442 856 497 jam
885 451 1094 496 appeteret
1116 451 1295 496 tempus,
1326 441 1568 483 Cornelium
1595 457 1671 498 po·-

336 498 419 542 tius
447 515 496 541 ex
521 501 703 551 Etruria,
735 500 805 541 ubi
840 500 941 540 nihil
963 500 1058 541 belli
1081 510 1181 549 erat,
1216 501 1398 541 Romam
1431 501 1553 543 acciri
1582 502 1669 556 pla-

333 559 433 602 cuit.
498 560 537 600 Is
565 559 751 601 consules
773 560 853 601 Cn.
875 559 1095 600 Servilium
1119 559 1357 614 Caepionem
1385 562 1422 601 δι
1458 559 1508 601 C.
1530 560 1669 602 Servi-

333 618 436 659 lium
460 618 689 659 Geminum
710 624 734 672 †
754 618 919 660 creavit.
980 619 1081 659 Inde
1105 618 1292 674 praetoria
1322 618 1489 659 comitia
1510 618 1663 660 habita.

333 678 458 718 creati
494 677 541 718 P.
578 677 797 720 Cornelius
819 678 1037 727 Lentulus,
1069 678 1115 718 P.
1145 677 1402 734 Quinvstilius
1431 678 1585 728 Varus,
1615 678 1667 722 P.

332 736 471 778 AElius
503 736 658 787 Paetus,
710 738 756 778 P.
793 738 943 779 Villius
983 738 1213 792 Tappulus.
1294 736 1354 777 Hi
1389 737 1488 788 duo,
1535 752 1666 792 quum

331 796 470 838 aediles
507 795 636 850 plebis
668 796 807 846 essent,
838 807 1032 851 praetores
1065 796 1189 837 creati
1222 795 1328 837 sunt.
1393 795 1564 846 Consul,
1595 811 1667 837 co-

331 855 457 896 mitiis
471 854 685 909 perfeetis,
716 857 767 896 ad
781 856 1008 897 exercitum
1031 856 1073 895 in
1097 855 1301 896 Etruriam
1324 854 1458 896 rediit.
1520 854 1666 897 Sacer-

332 914 448 954 dotes
470 928 520 954 eo
541 928 649 955 anno
683 915 852 963 mortui,
884 924 1006 968 atque
1042 915 1083 954 in
1124 916 1264 955 locum
1297 927 1441 954 eorum
1473 913 1662 965 suffe<ffi3

330 973 398 1014 Ti.
420 973 621 1013 Veturius
642 972 763 1013 Philo
785 972 936 1013 flamen
954 974 1171 1023 Martialis,
1204 974 1245 1012 in
1271 974 1409 1014 locum
1435 973 1501 1015 M.
1526 973 1665 1014 AEmi-

329 1031 373 1072 lii
396 1031 566 1087 Regilli,
598 1031 669 1086 qui
702 1031 838 1086 priore
861 1045 969 1071 anno
991 1045 1181 1073 mortuus
1212 1041 1314 1082 erat,
1346 1042 1508 1073 creatus
1545 1033 1663 1074 inau-

327 1090 604 1147 guratusque:
637 1091 707 1132 δι
698 1105 740 1130 m
764 1091 830 1130 M.
859 1089 1082 1145 Pomponii
1104 1089 1318 1131 Mathonis
1341 1091 1507 1146 auguris
1529 1093 1569 1132 δι’
1591 1092 1664 1132 de-

326 1149 496 1191 cemviri
534 1150 672 1190 locum
706 1148 848 1201 creati,
881 1150 1089 1190 decemvir
1109 1150 1172 1190 M.
1201 1149 1396 1191 Aurelius
1419 1150 1557 1200 Cotta,
1589 1165 1662 1191 au-

326 1223 406 1264 gur
460 1209 528 1249 Ti
552 1208 836 1263 Sempronius
880 1209 1098 1250 Gracchus
1147 1210 1371 1249 admodum
1411 1209 1662 1259 adolescens,

328 1269 438 1322 quod
455 1279 552 1309 tunc
570 1282 784 1323 perrarum
807 1267 848 1308 in
865 1269 1108 1309 mandandis
1126 1267 1360 1309 sacerdotiis
1380 1277 1481 1310 erat.
1543 1268 1662 1325 Qa-

324 1327 457 1383 drigae
480 1342 612 1368 aureae
629 1342 679 1367 eo
701 1341 810 1367 anno
827 1327 867 1367 in
884 1327 1090 1383 Capitolio
1111 1328 1248 1381 pofitae
1265 1326 1314 1367 ab
1328 1327 1515 1369 aedilibus
1537 1342 1662 1368 curu-

326 1386 450 1436 libus,
482 1387 531 1428 C.
568 1386 688 1428 Livio
714 1389 751 1427 &
778 1387 844 1428 M.
880 1387 1053 1429 Servilio
1092 1386 1290 1428 Gemino.
1352 1385 1405 1426 Et
1447 1386 1533 1427 ludi
1571 1386 1660 1427 Ro-

327 1446 437 1486 mani
459 1445 632 1486 biduum
655 1445 881 1486 instaurati.
944 1450 1006 1501 (2)
1036 1447 1152 1487 Idem
1192 1460 1265 1500 per
1300 1445 1472 1486 biduum
1509 1446 1659 1500 plebeii

325 1504 376 1544 ab
405 1505 591 1546 aedilibus
626 1505 673 1545 P.
698 1505 829 1558 AElio,
859 1505 908 1547 P.
941 1505 1098 1548 Villio:
1133 1507 1171 1546 ἃ
1194 1505 1309 1558 Jovis
1330 1509 1355 1557 †
1375 1505 1546 1560 epulum
1578 1503 1660 1545 fuit

326 1564 519 1605 ludorum
537 1564 672 1607 causa.

374 1703 411 1733 C
434 1702 485 1743 38
505 1703 562 1743 (1)
589 1706 636 1736 lta
654 1706 688 1735 vi
706 1703 738 1735 :Sc
760 1706 827 1736 vuol
829 1710 908 1735 ntate
938 1711 1159 1746 opponuntur
1176 1702 1274 1746 supra
1295 1715 1321 1736 c.
1342 1713 1374 1743 3.
1420 1702 1495 1735 Sall.
1523 1702 1558 1734 in
1586 1706 1656 1747 Jug

320 1751 518 1838 Zerlgldwgt
508 1750 569 1781 ›sbe
557 1754 695 1794 spartim
712 1753 755 1790 vi,
777 1752 819 1782 ali
810 1764 851 1782 as
865 1752 950 1782 ‘colun
954 1758 1011 1783 late
1032 1753 1102 1795 imcp
1102 1753 1210 1794 riusuo
1227 1753 1368 1802 adjungit.
1413 1751 1472 1792 (2)
1497 1748 1566 1782 Alii
1584 1753 1658 1783 Ifrya

1395 2421 1656 2472 EPITOME
