1840 3094
440 201 687 243 LIBER
736 199 854 242 XXI.
910 201 1079 244 CAP.
1125 201 1204 243 LX

186 315 382 368 exercitu,
415 318 528 361 orsus
549 333 571 359 a
600 317 836 369 Lacetanis,
867 331 1032 358 omnem
1056 332 1168 358 oram
1191 317 1316 371 usque
1339 317 1387 358 ad
1409 316 1514 369 Ibe<

184 389 278 415 rum
302 376 469 427 flumen,
491 377 638 432 partim
660 377 902 417 renovandis
922 376 1196 425 societatibus,
1216 377 1364 430 partim
1385 377 1503 416 novis

186 433 460 484 instituendis,
511 435 714 476 Romanae
753 435 918 475 ditionis
958 434 1071 475 fecit.
1146 436 1246 474 Inde
1287 435 1504 475 conciliata

185 493 413 533 clementiae
447 492 571 542 fama,
617 507 701 533 non
735 496 795 549 (2)
821 494 870 533 ad
903 493 1132 533 maritimos
1153 491 1279 532 modo
1314 495 1505 546 populos,

186 549 269 599 sed,
302 551 344 590 in
365 552 670 592 mediterraneis
693 566 856 606 quoque
885 567 931 592 ac
953 552 1173 601 montanis,
1206 551 1255 591 ad
1285 551 1505 591 serociores

182 609 271 664 jam
285 620 434 665 *gentes
455 609 582 650 valuit
601 625 610 649 :
638 624 713 650 nec
735 625 812 664 pax
836 609 961 650 modo
982 610 1091 663 apud
1112 624 1199 660 eos,
1231 609 1297 649 sed
1336 610 1506 649 societas

187 667 311 707 etiam
346 682 572 719 armorum,
609 679 746 722 parata
788 668 873 709 est:
915 669 1140 722 validaeque
1174 667 1330 721 aliquot
1363 669 1508 707 auxili-

187 739 308 766 orum
330 726 519 767 cohortes
541 741 591 767 ex
613 727 661 767 iis
683 726 921 780 conscriptae
936 726 1042 767 sunt.
1104 726 1324 768 Hannonis
1347 726 1403 766 cis
1417 727 1509 766 Ibe-

188 798 281 823 rum
299 785 509 838 provincia
530 795 641 825 erat:
672 799 770 826 eum
792 787 1011 839 reliquerat
1028 784 1237 825 Hannibal
1260 786 1308 824 ad
1332 785 1510 839 regionis

187 843 277 898 ejus
312 844 556 898 praesidium.
589 844 726 897 itaque
748 843 878 899 prius,
911 857 1036 897 quam
1059 844 1334 883 alienarentur
1355 843 1513 892 omnia,

188 899 352 941 obviarn
374 903 558 942 eundum
578 911 705 952 ratus,
737 902 906 943 castris'
898 917 940 941 in
962 901 1186 956 conspe&u
1206 901 1384 942 hostium
1407 902 1512 956 posi-

188 959 257 1010 tis,
290 960 331 999 in
354 961 484 1000 aciem
504 964 528 1013 ss
549 960 704 1001 eduxit.
737 975 813 1001 nec
843 961 1037 1001 Romano
1073 960 1347 1000 differendum
1381 970 1511 1000 certa-

189 1032 286 1058 men
307 1018 466 1060 visum:
498 1019 648 1073 quippe
686 1019 758 1073 qui
780 1019 916 1070 sciret,
948 1033 1044 1058 cum
1080 1019 1288 1059 Hannone
1326 1021 1364 1058 δε
1404 1018 1511 1059 Has-

188 1076 355 1117 drubale
379 1077 449 1117 fibi
483 1078 764 1117 dimicandum
784 1079 888 1126 ess'e3
920 1077 1141 1131 malletque
1164 1077 1354 1118 adversim
1377 1077 1512 1132 fingu-

187 1135 249 1176 los
283 1135 515 1190 separatim,
548 1134 674 1190 quam
708 1136 899 1177 adversus
937 1137 1040 1176 duos
1073 1137 1207 1186 fimul,
1239 1151 1326 1176 rem
1355 1150 1510 1191 gerere.

187 1193 279 1234 Nec
301 1195 438 1250 magni
456 1194 689 1234 certaminis
707 1209 752 1234 ea
768 1194 977 1234 dimicatio
998 1193 1092 1234 fuit.
1109 1195 1174 1234 sex
1189 1194 1315 1234 millia
1331 1194 1511 1235 hostium

189 1252 308 1303 caesa,
339 1253 422 1292 duo
445 1262 562 1306 capta
585 1267 679 1292 cum
715 1253 899 1306 praesidio
920 1252 1157 1293 castrorum.
1190 1267 1286 1293 nam
1320 1255 1357 1293 &
1383 1252 1513 1293 castra

188 1322 422 1366 expugnata
445 1310 552 1360 sunt,
583 1322 706 1365 atque
728 1310 810 1365 ipse
832 1313 916 1351 dux
953 1325 1049 1351 cum
1080 1312 1236 1365 aliquot
1258 1311 1513 1366 principibus

191 1370 514 1424 (3)eapiuntur:
550 1371 589 1410 &
627 1370 776 1419 Sciffis,
808 1369 1088 1424 propinquum
1121 1369 1260 1410 castris
1294 1370 1514 1423 oppidum,

187 1437 461 1483 expugnatur.
523 1426 722 1468 Ceterum
757 1429 892 1482 praeda
914 1428 1055 1481 oppidi
1077 1428 1191 1481 parvi
1222 1428 1342 1482 pretii
1373 1442 1513 1468 rerum

186 1485 297 1535 suiv,
342 1485 522 1540 supellex
557 1485 784 1538 barbarica,
834 1501 880 1526 ac
921 1488 984 1541 (4)
1012 1486 1154 1525 vilium
1194 1486 1512 1540 mancipiorum.

189 1544 318 1585 castra
349 1545 523 1585 militem
556 1544 765 1594 ditavere3
797 1559 882 1585 non
922 1546 1012 1600 ejus
1033 1541 1160 1584 modo
1182 1543 1401 1593 exercitus,
1442 1543 1515 1599 qui

189 1603 326 1644 viCtus
347 1612 450 1654 erat,
482 1603 549 1643 sed
569 1606 610 1644 &
633 1604 736 1658 ejus,
769 1603 840 1668 qui
863 1618 958 1643 cum
981 1603 1216 1643 Hannibale
1235 1603 1277 1642 in
1299 1603 1414 1643 Italia
1436 1604 1515 1643 mi-

189 1662 350 1712 litab1t‚
382 1661 573 1702 omnibus
594 1659 678 1702 fere
701 1662 804 1702 caris
826 1661 948 1702 rebus
972 1664 1038 1714 (ne
1061 1662 1198 1717 gravia
1217 1662 1515 1717 impedimenta

191 1719 420 1761 ferentibus
442 1720 582 1775 essent)
615 1721 715 1760 citra
739 1722 982 1776 Pyrenaeum
1005 1720 1174 1761 relifflis.

249 1779 363 1820 LXI.
395 1778 638 1832 Priusquam
660 1788 769 1819 certa
806 1778 931 1834 hujus
965 1779 1091 1819 cladis
1112 1778 1223 1819 fama
1243 1782 1267 1830 ss
1296 1751 1516 1828 accideret,

190 1838 453 1893 transgressus
475 1837 640 1877 Iberum
674 1837 908 1877 Hasdrubal
940 1852 1036 1877 cum
1057 1837 1155 1878 οᾶὶο
1188 1837 1369 1878 millibus
1403 1838 1520 1892 pedi-

191 1906 300 1946 tum,
334 1896 444 1936 mille
464 1896 667 1950 equitum,
699 1907 896 1949 tanquam
918 1897 969 1935 ad
988 1896 1169 1951 primum
1191 1897 1413 1936 adventum
1432 1895 1520 1935 Ro-

192 1968 410 1996 manorum
446 1954 708 2006 occursurus,
737 1955 954 2009 postquam
988 1955 1166 2008 perditas
1187 1969 1251 1995 res
1280 1956 1330 1994 ad
1361 1954 1518 1995 Sciffim

192 2014 412 2067 amissaque
434 2012 562 2053 castra
583 2012 756 2066 accepit,
788 2013 865 2053 iter
887 2015 938 2053 ad
959 2027 1070 2054 mare
1095 2013 1311 2054 convertit.
1391 2013 1519 2053 Haud

192 2073 338 2127 procul
356 2072 591 2113 Tarracone
612 2071 791 2113 classicos
819 2072 970 2113 milites
1002 2074 1066 2127 (1)
1104 2071 1344 2126 navalesque
1374 2070 1519 2120 socios,

1393 2145 1520 2186 vagOS

194 2250 347 2292 Emporiae.
392 2249 451 2291 (2)
473 2248 549 2280 vid.
571 2250 647 2290 †ad
660 2260 723 2291 pro
750 2249 854 2291 apud.
901 2249 952 2281 Sic
985 2249 1084 2291 supra
1111 2249 1131 2279 1.
1156 2258 1184 2288 3.
1207 2259 1238 2280 c.
1269 2257 1321 2280 21.
1370 2250 1409 2280 Si
1438 2262 1519 2281 vana

195 2298 294 2338 vestra
317 2298 473 2325 aufflritas
489 2297 529 2324 ad
548 2295 656 2336 plebem
681 2297 725 2339 fst-
744 2295 763 2325 l.
783 2295 814 2326 6.
843 2306 873 2326 c·
901 2305 955 2334 34.
978 2298 1100 2337 potentis
1112 2297 1187 2332 viri,
1209 2308 1291 2335 quum
1308 2296 1446 2336 intersiti
1460 2309 1520 2326 cor-

189 2345 272 2384 poris
290 2342 421 2376 homines,
445 2347 504 2370 tum
529 2343 614 2370 etiam
642 2343 682 2370 ad
703 2340 831 2383 plebem.
887 2343 994 2372 Porro
1018 2342 1169 2371 conciliare
1183 2342 1304 2381 famam
1321 2348 1358 2371 ut
1374 2343 1522 2373 conciliare

184 2389 247 2431 fibi
275 2399 411 2423 amorem,
441 2386 543 2428 fidem,
561 2385 691 2427 gloriam
719 2387 778 2417 διε.
814 2386 938 2427 passum.
982 2386 1039 2428 (3)
1063 2386 1201 2427 Elegans
1232 2397 1334 2427 genus
1360 2385 1522 2427 loquendi

194 2436 250 2465 dux
264 2445 325 2462 cum
336 2432 515 2473 principibus
538 2435 702 2473 capiuntur.
763 2433 811 2462 lta
833 2431 931 2472 supra
956 2431 979 2462 l.
1011 2443 1041 2463 1.
1068 2442 1095 2462 c.
1112 2441 1167 2472 59·
1192 2433 1350 2473 exficlajsque
1376 2433 1521 2475 {ffi'juhss‘

197 2487 242 2510 re!
268 2480 305 2509 L.
348 2476 537 2519 Tarquinium
561 2490 620 2507 cum
644 2480 754 2519 coty'uge
796 2489 829 2506 ac
852 2478 959 2507 liberis.
1003 2476 1091 2508 infra
1119 2477 1139 2507 l.
1164 2476 1218 2508 26.
1244 2488 1274 2509 c.
1302 2477 1353 2515 46.
1377 2482 1407 2508 in
1436 2491 1520 2519 quum

198 2526 296 2565 A'Wago
320 2535 381 2553 cum
406 2523 527 2554 omnibus
553 2525 676 2553 armatis
699 2524 872 2564 refugerant.
907 2522 928 2553 l.
953 2531 1005 2560 42.
1032 2533 1062 2554 C.
1091 2532 1146 2553 20.
1169 2528 1287 2554 taurum
1319 2536 1379 2554 czaem
1402 2527 1521 2566 quinque

199 2572 297 2600 *vaccis
313 2581 366 2598 uno
392 2569 453 2599 ι’θιι
479 2569 622 2609 fulminis
651 2570 840 2598 exanimatos.
917 2569 975 2608 (4)
998 2567 1213 2609 Subintellige
1230 2569 1281 2599 vel
1297 2570 1440 2611 supellex,
1465 2568 1519 2600 vel

194 2616 316 2659 praeda-
365 2615 450 2644 Mox
474 2613 546 2655 post
568 2616 699 2645 ditavere
716 2612 983 2644 subaudiendum
1001 2614 1106 2656 opibus,
1128 2614 1180 2645 vel
1199 2614 1280 2654 quid
1298 2614 1410 2646 fimile.

247 2680 282 2710 C.
309 2677 362 2709 61.
385 2677 441 2719 (1)
467 2678 576 2719 Claffici
592 2679 704 2714 milites,
727 2675 784 2717 qui
813 2677 854 2708 ab
872 2676 943 2708 aliis
964 2676 1079 2719 saepius
1102 2678 1239 2720 clqffiarii
1255 2685 1429 2714 vocantur,
1453 2689 1520 2711 me-

201 2731 375 2759 morantur
391 2723 490 2755 etiam
516 2723 602 2757 infra
627 2723 650 2754 l.
685 2721 738 2756 26.
758 2733 789 2754 c.
809 2722 864 2761 48.
912 2724 999 2754 Star:
1024 2724 1088 2759 hinc
1119 2725 1288 2766 legionarios
1321 2725 1424 2757 milits,
1456 2727 1520 2755 hinc

1393 2770 1477 2813 clcffc
1484 2783 1522 2802 as«
