1840 3094
391 155 635 204 LIBER
696 156 824 203 XXI.
889 159 1057 204 C‘AP.
1120 160 1276 203 XLIX.

120 289 232 321 ratus
253 279 596 335 exspefflndum,
628 279 786 330 locum,
820 277 891 333 qui
913 291 1041 333 prope
1064 278 1219 320 flumen
1236 277 1456 320 tutissimus

122 339 273 380 stativis
294 339 351 380 est
372 339 497 390 visus,
529 338 741 379 deleC'tum
765 336 1025 379 communiit.
1086 338 1177 379 Nec
1195 339 1338 393 procul
1360 337 1456 378 inde

123 397 336 438 Hannibal
372 411 503 452 quum
542 397 800 448 consedisset,
841 405 1044 450 quantum
1074 396 1246 436 vicloria
1281 396 1459 450 equestri

123 457 273 507 elatus,
290 467 452 497 tantum
469 455 617 496 anxius
640 454 794 510 inopia,
811 469 903 509 quae
922 469 994 509 per
1013 455 1194 495 hostium
1221 470 1340 510 agros
1356 469 1460 496 eun-

125 525 226 564 tem,
257 515 459 569 nusquam
475 514 712 568 praeparatis
735 514 1049 563 commeatibus,
1081 515 1213 570 major
1229 514 1271 553 in
1289 513 1375 555 dies
1388 528 1461 554 ex-

125 572 316 628 cipiebat,
346 574 396 614 ad
438 572 682 614 Clastidium
717 572 871 615 vicum.
908 573 993 626 quo
1026 587 1225 628 magnum
1258 571 1460 613 frumenti

127 646 354 673 numerum
391 634 452 687 (3)
489 631 772 687 congesserant
813 631 1015 682 Romani,
1047 631 1191 672 mittit.
1236 629 1292 670 ibi
1328 645 1460 685 quum

127 691 211 730 vim
247 700 454 745 pararent,
487 689 575 744 spes
611 690 723 731 fafi‘ca
755 690 1024 745 proditionis:
1062 704 1138 730 nec
1178 687 1271 730 sane
1308 703 1461 744 magno

125 749 275 804 pretio,
292 764 297 788 .·
311 756 354 801 4]
374 749 555 790 nummis
571 749 704 790 aureis
719 749 1043 804 quadringentis,
1058 748 1182 788 Dasio
1200 749 1460 788 Brundufino

127 807 327 863 p1·aese&o
343 806 514 862 praesidii
534 818 744 863 corrupto,
759 808 933 848 traditur
947 807 1173 848 Hannibali
1196 807 1459 849 Clastidium.

127 867 170 909 id
187 866 382 907 horreum
402 865 483 906 suit
505 867 645 907 Poenis
667 866 901 907 sedentibus
938 868 989 907 ad
1019 866 1231 907 Trebiam.
1294 866 1343 905 In
1364 880 1462 920 cap-

127 925 233 971 tivos
249 939 300 965 ex
329 925 480 965 tradito
502 925 701 980 praesidio,
734 936 779 966 ut
811 925 920 966 fama
943 925 1170 966 clementiae
1192 925 1235 965 in
1256 924 1460 980 principio

125 997 262 1026 rerum
289 984 565 1038 colligeretur,
595 984 697 1024 nihil
722 984 905 1025 saevitum
928 984 999 1025 est.

1627 162 1681 216 Ὠ

1567 919 1592 970 5,

188 1042 344 1083 XLIX.
376 1043 520 1100 Qum
544 1043 593 1083 ad
610 1043 805 1083 Trebiam
824 1044 1010 1084 terrestre
1029 1043 1265 1086 constitisset
1284 1042 1458 1095 bellum,
1478 1075 1535 1106 Rq
1549 1077 1624 1108 circa
1641 1074 1685 1104 φῖ,

129 1100 295 1142 interim
317 1101 426 1142 circa
447 1101 628 1142 Siciliam
644 1101 874 1155 insulasque
897 1103 1025 1144 Italiae
1047 1101 1328 1153 imminentes,
1361 1104 1403 1143 &
1437 1117 1458 1142 a
1477 1097 1574 1153 cibam
1602 1094 1683 1153 ,jag

130 1160 379 1215 Sempronio
400 1159 586 1212 consule,
622 1163 659 1201 8:
695 1171 788 1201 ante
810 1162 1035 1202 adventum
1068 1164 1171 1218 ejus,
1224 1162 1334 1203 terra
1371 1175 1459 1202 ma·
1477 1172 1615 1206 marique

132 1220 249 1273 rique
272 1232 334 1259 res
357 1218 492 1273 gestae.
526 1219 670 1275 viginti
692 1220 1010 1273 quinqueremes
1028 1235 1123 1262 cum
1145 1221 1258 1261 mille
1289 1220 1457 1262 armatis
1470 1215 1573 1258 g‘fl‘·

121 1279 184 1318 -ad
205 1278 536 1331 depopulandam
551 1292 663 1318 oram
680 1278 807 1319 Italiae
826 1294 846 1318 a
868 1279 1277 1335 Karthaginiensibus
1298 1279 1454 1330 missae·,

132 1350 282 1377 novem
304 1339 370 1390 (1)
394 1336 582 1390 Liparas,
607 1335 715 1376 *osto
739 1337 912 1377 insulam
930 1339 1110 1379 Vulcani
1133 1347 1358 1379 tenuerunt
1375 1341 1458 1394 (2),

130 1406 214 1435 tres
235 1395 277 1434 in
300 1393 453 1434 fretum
477 1395 621 1435 avertit
635 1395 770 1436 aestus.
835 1397 902 1436 Ad
916 1410 983 1436 eas
1005 1397 1244 1451 conspe&as
1265 1412 1286 1438 a
1308 1397 1459 1438 Messa-

132 1453 185 1494 na
206 1453 424 1493 duodecim
439 1467 561 1493 naves
575 1454 624 1494 ab
639 1454 822 1494 Hierone
840 1469 934 1510 rege
948 1455 1299 1510 Syracusanorum
1316 1455 1459 1507 miffae,

133 1513 205 1567 qui
228 1522 318 1552 tum
339 1511 446 1552 forte
465 1511 660 1553 Messanae
678 1524 778 1561 erat,
810 1513 1021 1554 consulem
1055 1515 1298 1555 Romanum
1329 1529 1459 1570 oppe-

133 1571 386 1620 riens,nullo
403 1582 658 1626 repugnante
682 1583 819 1626 captas
842 1586 963 1613 naves
980 1574 1207 1614 Messanam
1225 1573 1267 1614 in
1288 1584 1459 1628 portum

133 1631 408 1670 deduxerunt.
472 1631 700 1684 Cognitum
722 1646 771 1671 ex
788 1632 973 1686 captivis,
995 1642 1143 1687 praeter
1160 1633 1305 1688 viginti
1320 1647 1462 1685 naves,

133 1690 253 1745 cujus
275 1689 345 1743 ipsi
369 1688 495 1728 classis
517 1690 655 1738 essent,
686 1690 727 1729 in
751 1690 910 1730 Italiam
940 1691 1088 1742 missas,
1121 1692 1305 1746 quinque
1326 1701 1366 1732 et
1387 1691 1462 1732 tri-

133 1748 247 1804 ginta
268 1747 366 1788 alias
379 1747 698 1802 quinqueremes
719 1749 902 1789 Siciliam
925 1763 1063 1804 petere
1098 1752 1149 1791 ad
1181 1750 1462 1793 sollicitandos

135 1816 293 1847 veteres
308 1806 451 1847 socios.
490 1807 660 1862 Lilybaei
681 1808 911 1862 occupandi
931 1809 1182 1864 praecipuam
1200 1824 1342 1850 curam
1362 1810 1461 1852 esse:

132 1866 300 1907 credere
321 1866 464 1905 eadem
486 1866 832 1921 tempestatefqufi
850 1867 919 1921 ipsi
937 1868 1099 1923 disje&i
1122 1867 1259 1910 forent
1274 1872 1354 1924 (3),
1368 1883 1464 1910 eam

135 1937 300 1979 quoque
321 1924 481 1965 classem
499 1926 550 1965 ad
575 1924 739 1981 AEgates
763 1925 913 1967 insulas
945 1926 1165 1983 deje&a‚1n.
1228 1929 1333 1969 Haec
1359 1927 1462 1969 ficut

137 1983 275 2024 audita
298 1993 430 2035 erant,
461 1997 531 2025 rex
562 1984 626 2026 M.
644 1983 816 2025 AEmilio
837 1986 1020 2042 praetori,
1057 1987 1176 2043 cujus
1201 1987 1340 2029 Sicilia
1376 1997 1465 2029 erat

1235 2046 1466 2101 provincia,

137 2160 258 2204 quibus
269 2160 376 2192 noster
387 2160 442 2193 alii
455 2163 714 2204 quejatqationem
729 2165 855 2196 vulneris
867 2163 1033 2196 dixerunt.
1044 2162 1145 2197 infra.
1162 2164 1185 2196 1.
1203 2174 1256 2205 30.
1270 2175 1299 2197 c-
1319 2167 1467 2210 19.stmul

126 2210 249 2250 sperans
256 2210 391 2238 leviorem
405 2212 433 2238 in
451 2211 651 2250 navigatione,
664 2221 745 2250 quam
760 2213 788 2240 in
804 2210 1058 2253 vid,ja‹.‘lationem
1072 2212 1287 2252 vulnerisfhre.
1307 2211 1465 2244 Similiter

137 2254 158 2284 1.
174 2262 229 2294 29.
253 2264 283 2284 c.
304 2261 356 2292 32.
380 2262 411 2284 et
429 2252 565 2285 Curtius
576 2252 596 2284 l.
614 2254 633 2285 6
666 2266 693 2286 c.
713 2264 739 2285 1.
761 2255 811 2297 E]
837 2257 895 2298 (3)
909 2258 1044 2298 Magnus
1062 2269 1190 2287 numerus
1204 2257 1378 2296 frumenti,
1391 2256 1464 2289 vini

141 2299 203 2331 δερ.
222 2309 283 2340 pro
293 2298 397 2340 magud
405 2301 438 2329 vi
449 2298 572 2330 locutio
589 2298 633 2330 est
650 2299 733 2343 saepe
746 2301 789 2332 ob
799 2300 852 2333 via
869 2302 959 2343 apud
979 2301 1046 2333 Cic.
1057 2301 1138 2334 Caes.
1154 2301 1311 2344 aliosque.
1329 2304 1388 2345 (4)
1397 2305 1466 2335 Ro-

138 2355 201 2376 mae
234 2344 383 2375 nondum
400 2342 516 2385 signari
534 2352 679 2385 coeptum
703 2354 775 2378 erat
801 2358 932 2378 aurum.
967 2350 1099 2379 Aureus
1116 2349 1297 2386 Romanus,
1324 2348 1468 2381 florente

139 2389 291 2432 imperio,
314 2397 448 2421 centum
474 2389 606 2423 valebat
621 2401 775 2425 nummos
790 2392 965 2426 sestertios.
1000 2393 1125 2425 Utrum
1142 2395 1223 2426 vero
1239 2393 1280 2426 de
1296 2394 1347 2427 his
1360 2395 1468 2428 sermo

142 2435 191 2474 sit,
215 2445 336 2478 parum
351 2435 485 2468 constat.

186 2518 225 2549 C.
244 2525 300 2558 49.
347 2515 403 2559 (1)
427 2518 474 2548 Ex
491 2515 653 2560 praedic'tis
670 2517 787 2561 viginti
813 2518 965 2552 navibus.
1029 2521 1184 2561 Mallem,
1209 2524 1323 2566 VJ2ginti
1336 2523 1476 2566 quinque·-

141 2563 261 2594 remibus
290 2585 297 2593 .
319 2585 326 2593 .
348 2586 355 2592 .
382 2564 479 2606 mgffis.
526 2564 588 2595 Sed
603 2575 620 2595 e
633 2564 803 2596 codicibus
814 2565 898 2597 nihil
913 2573 1066 2599 notatum
1082 2569 1191 2606 video,
1202 2569 1235 2599 ὅτ
1247 2567 1334 2600 Livii
1350 2569 1469 2613 stylum

144 2607 290 2650 periodis
306 2607 463 2640 intercisis
479 2608 864 2652 abundarc,jamdudum
877 2610 940 2643 viri
954 2612 1046 2644 doeti
1062 2622 1274 2646 monuerunt.
1291 2616 1330 2646 E.
1348 2615 1404 2656 (2)
1416 2615 1468 2648 Sic

141 2653 230 2685 infra
247 2654 266 2684 l.
284 2664 341 2694 30.
360 2665 387 2685 c.
406 2663 462 2694 39.
480 2657 522 2685 ita
547 2662 654 2686 vexata
680 2669 713 2687 ac
741 2656 877 2689 lacerata
900 2657 993 2701 clqffis
1018 2659 1139 2691 Carales
1154 2663 1251 2691 tenuit.
1275 2661 1309 2690 δε
1341 2659 1467 2702 passim.

144 2698 303 2736 Similiter
319 2699 436 2741 aliquis
453 2699 579 2732 dicitur
594 2701 677 2743 clqffil
692 2710 781 2733 tenere
798 2702 897 2742 locum,
931 2706 1001 2744 quo
1030 2705 1184 2747 pervenit
1199 2717 1208 2744 3
1231 2713 1268 2737 ut
1285 2705 1383 2747 supra
1401 2705 1420 2736 l.
1443 2716 1468 2739 ι.

146 2754 174 2777 c.
195 2755 224 2778 ι.
243 2747 305 2778 Per
320 2745 458 2778 insulam
472 2746 616 2780 Vulcani
632 2747 778 2793 intellige
796 2750 935 2791 Hieram,
952 2749 1081 2794 Liparae
1097 2750 1290 2795 proximam.
1313 2750 1465 2796 (3)Virg·

1401 2796 1478 2830 l.1.‹
