1834 3099
441 161 678 206 LIBER
717 161 902 205 XXVII.
936 163 971 205 C
997 163 1097 205 AP.
1134 165 1231 207 ΧΠ.

159 277 272 330 quod
293 277 344 319 ab
366 278 538 321 Laevino
575 280 741 322 consule
776 279 970 323 adversus
1003 281 1187 323 Bruttios
1222 282 1276 323 ibi
1314 283 1497 323 locatum

160 346 263 386 erat,
295 337 392 379 0610
413 339 541 379 millia
561 339 783 380 hominum
804 353 814 378 t
849 354 941 393 pars
965 341 1147 381 maxima
1180 341 1230 382 ab
1257 340 1500 398 Agathyrna

163 394 283 449 (ficut
322 407 442 438 antea
476 397 639 439 dietum
668 397 743 454 est)
773 411 822 438 ex
845 398 985 439 Sicilia
1016 400 1224 451 traduaa,
1260 406 1274 451 11
1301 412 1418 455 rapto
1441 400 1501 439 vi-

159 467 254 494 vere
277 457 340 510 (2)
379 455 599 497 hominum
636 457 899 497 assuetorum.
934 458 1062 498 additi
1096 470 1213 499 erant
1236 459 1498 499 Bruttiorum

162 513 184 563 ss
207 512 390 554 indidem
415 517 477 571 (3)
494 515 695 571 perfugae,
730 518 772 557 &
806 516 976 557 audacia
1001 520 1040 558 &
1066 518 1245 558 audendi
1267 518 1407 558 omnia
1428 533 1499 558 ne—

161 571 409 614 ceffitatibus
445 588 578 629 pares.
640 574 763 615 Hanc
796 588 967 615 manum
989 577 1040 615 ad
1072 577 1282 616 Bruttium
1315 575 1498 631 primum

162 644 309 685 agrum
332 633 669 688 depopulandum
705 633 802 674 duci
818 633 945 689 justit,
978 633 1073 674 inde
1096 636 1146 675 ad
1165 635 1410 675 Cauloniam
1432 650 1500 675 ur-

161 687 258 729 bem
293 693 630 747 oppugnandam.
693 692 897 747 Imperata
934 707 1019 733 non
1049 693 1223 749 impigre
1251 692 1399 744 solum,
1434 694 1497 734 sed

163 747 288 789 etiam
310 749 444 801 avide,
477 750 675 802 exsecuti,
708 751 878 805 direptis
898 750 1131 807 fugatisque
1149 752 1376 793 cultoribus
1399 753 1500 808 agri,

164 806 322 849 summa
345 809 383 849 vi
417 809 561 849 urbem
597 811 907 866 oppugnabant.
970 811 1212 860 Marcellus,
1247 814 1286 853 8<
1323 812 1500 853 consulis

164 865 292 908 literis
328 867 504 919 excitus,
537 872 579 912 δε
609 869 706 924 quia
743 869 799 909 ita
832 869 875 909 in
897 869 1084 910 animum
1104 870 1337 919 induxerat,
1370 871 1501 911 nerni-

164 938 260 965 nem
283 926 433 967 ducem
451 926 695 968 Romanum
726 937 809 969 tam
846 939 1002 983 parem·
1022 927 1264 979 Hannibali,
1297 929 1423 984 quum
1445 930 1498 980 se,

164 984 257 1033 effe,
289 984 361 1026 ubi
381 984 565 1040 primum
597 986 638 1026 in
662 987 770 1042 agris
804 988 943 1042 pabuli
967 988 1084 1043 copia
1107 987 1205 1040 fuit,
1234 1002 1284 1028 ex
1317 988 1499 1030 hibernis

163 1042 396 1097 profeClus,
429 1046 480 1085 ad
516 1045 741 1086 Canufium
780 1046 1007 1087 Hannibali
1041 1048 1234 1088 occurrit.
1295 1048 1501 1089 Sollicita-

166 1101 234 1142 bat
264 1104 314 1144 ad
346 1103 629 1145 defeffionem
671 1105 898 1146 Canusinos
930 1107 1100 1147 J‘oenus.
1123 1103 1330 1158 ceterum,
1364 1116 1409 1148 ut
1431 1122 1501 1162 ap-

164 1162 443 1216 propinquare
458 1163 707 1205 Marcellum
722 1165 893 1212 audivit,
927 1164 1054 1205 castra
1073 1165 1166 1205 inde
1186 1166 1326 1206 movit.
1365 1168 1499 1221 Aper-

165 1232 205 1259 ta
226 1232 312 1261 erat
326 1222 458 1277 regio,
492 1223 571 1263 fine
595 1223 688 1264 ullis
710 1225 761 1263 ad
777 1224 938 1263 infidias
960 1223 1153 1273 latebris;
1188 1225 1325 1279 itaque
1348 1224 1389 1264 in
1412 1226 1502 1266 loca

166 1279 338 1321 saltuosa
368 1281 514 1322 cedere
536 1282 632 1323 inde
655 1282 797 1337 coepit.
862 1283 1090 1324 Marcellus
1113 1283 1290 1339 vestigiis
1313 1283 1502 1334 instabat,

166 1340 230 1393 (4)
252 1341 464 1394 castraque
494 1340 632 1382 castris
665 1340 931 1392 conferebat:
967 1345 1025 1391 ἂν,
1056 1356 1179 1396 opere
1197 1342 1400 1397 perfeeto,
1433 1357 1503 1384 ex-

166 1400 325 1453 templo
355 1400 396 1439 in
430 1399 561 1440 aciem
598 1400 781 1456 legiones
813 1400 1028 1441 educebat.
1089 1401 1315 1452 Hannibal,
1349 1413 1504 1442 turma-

167 1456 243 1496 tim
277 1472 351 1512 per
390 1458 551 1512 equites
579 1459 850 1514 peditumque
881 1461 1132 1515 jaculatores
1154 1460 1257 1501 levia
1280 1461 1505 1502 certamina

166 1514 320 1568 serens,
352 1517 490 1558 casum
514 1517 713 1558 universae
746 1532 895 1573 pugnae
916 1532 1001 1558 nou
1024 1519 1289 1559 neceffarium
1309 1519 1502 1561 ducebat.

167 1574 324 1617 tractus
345 1575 401 1617 est
421 1587 559 1616 tamen
581 1577 631 1617 ad
654 1576 714 1630 id,
745 1578 855 1631 quod
880 1576 1049 1629 vitabat,
1078 1588 1302 1619 certamen.
1364 1578 1505 1620 Nofie

166 1635 428 1691 praegressum
451 1635 671 1690 affequitur
693 1637 792 1677 locis
828 1636 960 1691 planis
992 1651 1038 1678 ac
1070 1637 1304 1692 patentibus
1326 1638 1507 1679 Marcel-

168 1694 247 1735 lus.
270 1694 400 1735 castra
417 1695 511 1736 inde
541 1705 783 1750 ponentem,
816 1696 1041 1752 pugnando
1065 1697 1248 1750 undique
1266 1697 1348 1751 in†
1368 1697 1507 1737 muni-

169 1763 298 1805 tores,
330 1754 524 1809 operibus
557 1753 760 1809 prohibet.
825 1754 886 1795 Ita
920 1755 1029 1811 ligna
1061 1756 1225 1807 collata,
1256 1767 1507 1812 pugnaturn-

169 1826 250 1866 que
269 1813 364 1854 totis
380 1813 509 1867 copiis
528 1829 537 1854 t
572 1817 631 1863 ἅν,
664 1827 793 1868 quum
810 1814 897 1870 jam
916 1828 996 1854 nox
1014 1814 1195 1862 instaret,
1229 1815 1367 1855 Marte
1384 1830 1505 1870 aequo

170 1870 383 1912 disceffum
405 1873 476 1913 est.
500 1872 646 1925 castra,
679 1872 829 1927 exiguo
851 1873 1041 1913 distantia
1064 1873 1207 1928 spatio,
1240 1874 1389 1928 raptim
1411 1884 1506 1916 ante

171 1930 341 1972 noctem
383 1931 631 1986 permunita.
691 1931 860 1972 Postero
902 1932 967 1972 die
989 1933 1081 1972 luce
1115 1932 1247 1986 prima
1279 1932 1506 1975 Marcellus

171 1988 215 2028 in
243 1990 374 2031 aciem
407 1990 546 2044 copias
580 1990 739 2030 eduxit.
777 2004 853 2031 nec
877 1989 1088 2030 Hannibal
1110 1989 1355 2032 detreetavit
1377 2003 1508 2034 certa-

173 2061 287 2100 rnen,
319 2049 462 2089 multis
474 2048 607 2089 verbis
629 2049 869 2090 adhortatus
902 2048 1068 2098 milites,
1100 2058 1159 2099 ut,
1180 2065 1355 2090 memores
1376 2051 1508 2106 ‘Trasi-

174 2110 274 2147 meni
296 2106 611 2162 Cannarumque,
643 2107 910 2149 contunderent
911 2107 1102 2164 ferociam
1138 2108 1258 2164 hastis.
1292 2125 1428 2164 urgere
1447 2120 1507 2151 at-

174 2181 245 2220 que
277 2166 424 2225 instare
443 2182 540 2207 eum.
576 2181 646 2206 non
682 2168 756 2206 iter
776 2168 915 2220 quietos
940 2166 1092 2220 jacere,
1124 2182 1194 2207 non
1214 2168 1346 2226 castra
1371 2176 1508 2222 ponere

168 2226 271 2278 pati,
304 2240 374 2268 non
396 2225 579 2281 respirare
594 2234 662 2265 aut
686 2225 979 2279 circumspicere.
1002 2225 1161 2281 quotidie
1173 2224 1300 2281 stmul
1331 2229 1508 2268 orientem

162 2282 279 2339 solem
303 2285 357 2328 ξε*
378 2283 593 2324 Romanam
623 2285 738 2325 aciem
767 2286 806 2324 in
828 2286 970 2339 campis
999 2283 1201 2325 viaendam
1227 2286 1302 2343 ff.
1367 2286 1410 2327 Si
1439 2303 1510 2328 uno

1375 2347 1511 2400 proelio

178 2471 239 2494 nec
266 2462 351 2495 male
389 2460 579 2496 Crevierius
598 2473 706 2501 voces,
741 2475 774 2494 ea
800 2463 999 2504 urbe...fore,
1022 2461 1100 2494 noti
1116 2463 1349 2505 parentheseos
1366 2463 1509 2497 inclusit.

178 2508 237 2550 (2)
261 2510 295 2540 τὸ
310 2510 451 2540 hominum
467 2516 524 2542 aut
542 2506 610 2546 hic,
631 2515 689 2540 aut
706 2509 749 2540 ad
764 2512 822 2539 οέῖο
839 2510 933 2540 millia
951 2508 1122 2540 abundare
1144 2509 1287 2541 videtur.
1332 2512 1383 2542 De
1400 2511 1513 2543 multi-

178 2554 296 2587 tudine
308 2554 350 2586 ab
367 2552 566 2598 Agathyrna
579 2554 747 2591 tradudffi.
772 2554 840 2586 vid.
857 2554 955 2597 supra
973 2554 992 2585 l.
1013 2554 1063 2586 26.
1088 2565 1115 2586 c.
1140 2564 1195 2592 40.
1241 2558 1299 2599 (3)
1326 2557 1458 2599 Nempe
1474 2567 1513 2588 ex

175 2600 318 2644 Rheglo.
364 2602 421 2643 (4)
437 2601 487 2632 Sic
499 2599 587 2632 infr&
603 2610 635 2633 c.
650 2608 703 2639 27.
715 2607 747 2631 ut
761 2603 982 2643 nunquam-satis
998 2601 1095 2640 castra
1107 2601 1211 2641 castris
1226 2604 1334 2634 collata
1347 2605 1466 2635 duur-et.
1481 2614 1512 2634 c.

180 2655 236 2686 47.
258 2660 318 2679 cum
335 2660 387 2692 quo
403 2647 499 2689 castra
516 2648 619 2678 collata
635 2647 778 2680 habuerit.
825 2647 932 2690 Supra
943 2655 1076 2691 quoqne
1092 2647 1110 2677 l.
1128 2656 1178 2679 10.
1196 2650 1222 2678 ἁ.
1238 2658 1291 2696 32.
1310 2649 1333 2680 l.
1351 2647 1401 2681 26.
1420 2658 1445 2679 c.
1462 2658 1511 2681 12..

1357 2694 1412 2735 (5)
1428 2694 1514 2727 Socii.

1523 846 1573 875 M
1570 850 1687 878 :rcellus

1520 895 1559 922 ud
1575 895 1726 937 camfſsnm

1521 939 1690 970 Hannibali

1519 989 1650 1016 mcurrit.

1529 1799 1674 1831 Praelium

1525 1859 1600 1888 aequo
1615 1845 1735 1876 Marte.
