1834 3099
454 154 691 198 LIBER
723 152 1166 199 xxx.cAP.X1.
1622 159 1707 213 233

153 285 271 312 mum
302 274 509 316 onerarias
541 274 847 332 aggrediuntur.
910 271 1008 313 Erat
1043 285 1107 312 res
1145 267 1315 311 minime
1351 277 1484 324 certa,-

154 331 259 371 mini
295 333 425 372 navali
449 333 602 383 fimilis,
635 336 698 388 (7)
719 324 904 387 proxime
941 330 1116 385 speciem
1151 343 1483 384 murosoppug-

152 389 343 447 nantium
363 392 542 433 navium.
575 392 789 432 altitudine
812 389 1068 443 aliquantum
1089 388 1285 429 onerariae
1317 388 1480 442 supera-

153 447 282 490 bant:
326 462 379 490 ex
414 451 595 491 rostratis
625 449 745 491 Poeni
780 462 880 490 vana
911 449 1104 503 pleraque
1144 449 1304 502 (utpote
1338 446 1484 500 supino

157 506 289 562 iactu)
326 509 407 549 tela
443 509 486 550 in
528 508 777 565 superiorem
812 508 950 548 locum
973 505 1222 547 mittebant:
1251 505 1417 560 gravior
1437 517 1485 545 ac

155 566 337 620 pondere
369 567 454 622 ipso
476 572 500 622 ss
520 567 702 609 libratior
732 565 902 621 superne
934 580 984 605 ex
1015 564 1211 605 onerariis
1244 564 1352 605 ictus
1384 572 1484 603 erat.

157 623 453 679 Speculatoriae
494 640 617 668 naves
647 628 712 680 (8)
734 639 779 665 ac
817 625 919 665 levia
955 623 1039 678 ipsa
1079 622 1257 678 navigia,
1290 636 1381 676 quae
1412 621 1485 662 sub

156 683 371 726 constratis
407 685 595 740 pontium
630 698 702 740 per
753 683 963 723 intervalla
1014 681 1300 729 excurrebant,
1350 678 1485 735 primo

160 744 224 797 (9)
246 742 332 797 ipso
368 742 531 784 tantfim
555 744 713 798 impetu
749 756 796 783 ac
818 741 1103 797 magnitudine
1135 739 1398 780 rostratarum
1415 738 1488 778 ob·
1529 758 1532 760 Α

160 800 412 843 tuebantur:
465 802 612 842 deinde
642 804 683 843 &r
721 798 1095 856 propugnatoribus
1125 811 1291 852 quoque
1330 797 1491 837 incom-

161 860 297 900 modae
333 871 464 910 erant,
497 858 610 915 quod
630 861 845 915 permixtae
866 873 962 899 cum
984 857 1163 898 hostium
1185 856 1356 897 navibus
1383 855 1492 897 inhi-

160 917 257 968 bere
295 919 397 974 saepe
435 921 514 959 tela.
555 920 784 976 cog'ebant3
816 927 932 958 metu
966 930 1018 957 ne
1052 915 1247 971 ambiguo
1280 914 1368 955 ictu
1410 914 1491 955 suis

161 976 417 1018 inciderent:
465 976 675 1033 postremo
706 979 797 1031 (10)
832 977 973 1017 afferes
1014 974 1147 1015 ferreo
1191 988 1298 1014 unco
1332 972 1492 1028 praefix'i

160 1034 435 1092 (harpagones
452 1044 616 1093 vocant)
638 1052 687 1078 ex
706 1036 872 1078 Punicis
889 1033 1060 1083 navibus
1078 1033 1191 1090 injici
1213 1034 1256 1073 in
1279 1033 1492 1073 Romanas

163 1096 305 1149 coepti.
369 1096 488 1152 Quos
516 1111 645 1151 quum
667 1110 800 1150 neque
823 1094 942 1149 ipsos,
976 1106 1108 1147 neque
1130 1102 1311 1144 catenas,
1343 1091 1493 1145 quibus

164 1152 339 1208 suspenfi
361 1155 665 1211 injiciebantur,
698 1155 877 1196 incidere
904 1152 1086 1208 poffent3
1119 1160 1166 1192 ut
1187 1165 1361 1206 quaeque
1383 1159 1493 1191 retro

165 1211 338 1252 inhibita
381 1213 552 1254 rostrata
589 1215 818 1255 onerariam
858 1212 1082 1253 haerentem
1134 1215 1267 1251 unco‘
1299 1208 1494 1258 traheret,

165 1270 294 1311 scindi
317 1272 473 1313 videres
495 1274 672 1322 vincula,
706 1272 855 1328 quibus
892 1271 970 1311 alia
992 1271 1080 1311 aliis
1105 1269 1265 1309 innexa
1301 1279 1403 1320 erat,
1434 1267 1497 1307 se-

167 1329 268 1370 riem
293 1335 381 1384 (11)
401 1331 520 1372 aliam
545 1332 660 1372 fimul
683 1332 863 1386 plurium
886 1329 1052 1370 navium
1070 1328 1189 1369 trahi.
1251 1328 1346 1368 Hoc
1378 1340 1495 1366 max-

165 1387 248 1429 ime
285 1391 410 1430 modo
443 1391 605 1431 lacerati
629 1392 796 1445 quidem
828 1403 972 1431 omnes
993 1397 1154 1443 pontes,
1189 1390 1228 1429 δι
1252 1386 1319 1427 vix
1341 1384 1498 1426 transfi-

164 1446 292 1488 nendi
314 1448 356 1488 in
378 1448 603 1490 secundum
636 1450 823 1490 ordinem
855 1450 1021 1489 navium
1058 1446 1231 1501 spatium
1263 1458 1499 1501 propugna-

168 1506 327 1547 toribus
348 1508 490 1547 datum
527 1508 597 1549 est.
659 1509 743 1550 Sex
779 1508 908 1548 ferme
930 1507 1127 1547 onerariae
1153 1511 1167 1558 ΙΙ
1189 1505 1396 1560 puppibus
1428 1502 1498 1543 ab·
1516 1503 1680 1544 Navesfix

170 1564 332 1607 straciae
354 1565 653 1622 Karthaginem
689 1566 805 1608 sunt:
837 1568 969 1623 major
1004 1562 1130 1619 quam
1167 1578 1240 1618 pro
1263 1577 1305 1603 re
1339 1549 1698 1614 laetitia,“¹¹st'‘¹h“'¹‘·

168 1623 237 1665 sed
273 1639 322 1665 eo
354 1624 523 1681 gratior,
566 1624 678 1681 quod
717 1626 823 1666 inter
854 1625 1024 1666 affiduas
1057 1624 1192 1664 clades
1228 1636 1274 1663 ac
1310 1622 1498 1663 lacrimas
1613 1597 1640 1647 †

170 1697 302 1725 unum
324 1696 692 1741 quantumcunque
709 1699 758 1725 ea
779 1684 982 1740 insperato
1004 1682 1201 1739 gaudium
1223 1686 1249 1735 ‡
1268 1680 1498 1731 affulserat;

169 1746 194 1796 ‡
211 1756 306 1784 cum
323 1757 389 1792 eo,
423 1753 468 1784 ut
491 1754 720 1799 appareret,
752 1743 863 1784 haud
888 1743 1033 1799 procul
1055 1741 1181 1782 exitio
1202 1740 1316 1781 fuiffe
1339 1741 1497 1780 Roma-

171 1814 269 1843 nam
301 1802 478 1854 classem,
511 1805 552 1843 ni
578 1809 593 1855 Η
620 1804 813 1845 ceffatum
848 1818 869 1843 a
892 1800 1099 1858 praefectis
1133 1800 1296 1840 suarum
1332 1799 1500 1839 navium

172 1859 296 1911 foret,
325 1863 371 1903 ’δι
393 1861 532 1916 Scipio
555 1863 595 1904 in
616 1873 800 1918 tempore
819 1860 1071 1902 subvenisset.

235 1919 308 1961 XI.
342 1919 422 1961 Per
451 1919 615 1963 eosdem
636 1919 742 1962 forte
770 1920 874 1972 dies,
905 1933 1034 1974 quum
1056 1917 1207 1958 Laelius
1230 1920 1271 1959 δι’
1299 1915 1500 1957 Masinissa
1521 1919 1678 1965 Mzfiniffa

177 1978 489 2032 quintodecimo
545 1979 674 2021 ferme
730 1979 795 2019 die
841 1979 883 2018 in
925 1976 1168 2020 Numidiam
1217 1975 1634 2030 perveniffent,“8f¹¹‘⁷'²
1649 1979 1728 1998 '‘⁶¹“

178 2036 358 2093 Massyli,
390 2041 454 2093 (ι)
476 2052 649 2093 regnum
679 2048 895 2094 paternum
920 2035 1149 2086 Mafiniffae,
1180 2034 1263 2077 laeti
1295 2044 1340 2075 ut
1369 2034 1419 2076 ad
1441 2048 1504 2074 re·-
1520 2019 1616 2056 ''M‘'

179 2109 274 2151 gem
294 2096 382 2137 ⁴diu
415 2097 685 2141 defideratum
719 2096 959 2139 conceffere.
1022 2094 1207 2153 Syphax,
1249 2093 1371 2149 pullis
1407 2093 1502 2133 inde

1297 2150 1505 2207 praescitis

184 2303 214 2324 c.
233 2292 266 2325 6.
286 2291 406 2325 ἰῐιῖτὲῙ.
423 2302 477 2334 35·
492 2304 523 2325 c.
552 2303 602 2326 Π.
645 2293 713 2324 Sall
743 2293 814 2335 Jug.
842 2303 872 2325 c.
890 2301 945 2333 49.
969 2292 1094 2323 Pr01'ndc
1115 2291 1225 2334 parati
1248 2291 1401 2332 intentique
1426 2288 1508 2333 cffint

170 2339 256 2382 stgno
272 2342 346 2370 dato.
394 2341 450 2381 (7)
464 2341 510 2370 Ea
526 2338 713 2371 certaminis
728 2337 847 2381 species
863 2345 948 2376 erat,
971 2337 1060 2379 quafi
1076 2347 1175 2368 naves
1187 2341 1418 2378 oppugnarent
1435 2342 1508 2367 mu·

183 2394 252 2422 tos.
300 2385 356 2426 (8)
374 2386 461 2417 Bene
486 2384 641 2417 Dukerus
668 2384 801 2427 conjicit
815 2385 991 2415 delendum
1009 2384 1044 2414 ‘n‘
1059 2396 1104 2420 ac,
1127 2382 1345 2424 &legendum
1369 2379 1509 2424 effe-spe·

186 2433 334 2463 calatoriae
355 2444 454 2467 naves,
479 2433 567 2462 levia·
583 2433 642 2473 ipfiz
660 2434 793 2474 navigia.
838 2431 895 2470 (9)
908 2429 969 2460 Vel
991 2429 1060 2461 solo
1076 2428 1200 2470 impetu
1218 2438 1255 2459 ac
1278 2426 1508 2469 magnitudine

187 2476 389 2511 Punicarum
413 2475 636 2508 rostratarum.
685 2477 763 2517 (10)
774 2476 862 2506 Infra
876 2475 897 2506 l.
914 2475 969 2515 58.
983 2486 1014 2506 c.
1032 2484 1063 2514 5.
1091 2474 1223 2517 offem'bus
1240 2475 1368 2515 sulcatis
1381 2475 1509 2516 deterge-

185 2523 236 2558 bat
253 2525 370 2568 pinnas.
415 2523 447 2563 (1
460 2523 495 2564 ι)
510 2521 699 2555 Crevierius
716 2522 1192 2564 vultſs’riemqueſsmulplurium.

233 2588 272 2622 C.
286 2596 337 2622 Π.
350 2586 406 2630 (1)
420 2585 589 2625 Dicuntur
601 2595 660 2630 per
676 2583 864 2629 epexegefin
877 2582 1019 2634 Maffyli,
1039 2596 1154 2629 regnum
1164 2590 1319 2643 paternum
1335 2579 1508 2673 Ιὶἷιὲξηξζὲ.
