1834 3099
170 1530 206 1557 λη
223 1528 362 1559 Baett'cam

170 1577 194 1603 i:
209 1575 315 1616 Scipio.

943 175 996 218 T.
1030 174 1227 217 LIVII

408 292 598 346 asperitas
616 293 802 333 locorum
824 295 862 334 8<
887 293 1120 343 Celtiberis,
1152 290 1302 346 quibus
1326 291 1366 332 in
1389 292 1537 347 proelio
1558 294 1623 347 (5)
1638 305 1738 332 con-

406 349 566 391 cursare
589 366 678 392 mos
701 351 774 402 est,
805 352 1065 393 velocitatem
1098 351 1287 391 inutilem
1310 350 1515 400 faciebat3
1550 355 1592 395 ἃ
1624 350 1737 391 haud

406 409 548 462 iniqua
569 410 714 450 eadem
749 420 836 451 erat
867 411 1071 452 Romanis
1101 409 1232 450 stabili
1266 424 1416 465 pugnae
1439 410 1629 458 assuetis3
1662 409 1734 449 nisi

406 466 521 521 quod
555 469 749 525 angustiae
771 471 1034 510 &internata
1067 469 1241 525 virgulta
1276 469 1440 509 ordines
1474 467 1737 517 dirimebant,

409 530 449 568 Sc
474 527 617 582 singuli
640 528 823 582 binique,
856 530 966 568 velut
980 543 1074 569 cum
1099 527 1281 582 paribus,
1313 527 1525 568 conserere
1549 541 1733 582 pugnam

405 585 671 641 cogebantur.
737 588 864 643 Quod
887 589 935 627 ad
954 586 1096 642 fugam
1116 586 1413 640 impedimento
1430 586 1614 627 hostibus
1632 592 1736 637 erat,

405 645 446 684 id
479 645 528 684 ad
571 647 726 686 caedem
757 660 842 695 eos,
896 647 1008 686 velut
1050 645 1228 694 νίιιᾶοε,
1281 644 1501 699 praebebat.
1565 645 1617 685 Et
1645 646 1731 700 jam

405 702 534 744 ferme
573 703 766 746 omnibus
808 705 974 747 scutatis
1008 704 1311 745 Celtiberorum
1348 703 1592 752 interfectis,
1633 703 1735 743 levis

403 772 609 804 armatura
644 766 681 804 ὅτ
713 763 1091 819 Karthaginienses,
1124 763 1194 816 qui
1218 776 1271 803 ex
1293 762 1429 804 alteris
1450 762 1590 803 castris
1613 761 1738 803 subfi-

403 821 471 861 dio
508 832 719 872 venerant,
771 823 940 877 perculsi
979 821 1254 863 caedebantur.
1295 822 1378 861 duo
1409 821 1521 862 haud
1554 820 1734 875 amplius

401 880 527 920 millia
549 882 735 935 peditum
758 885 796 923 δε
822 882 1029 935 equitatus
1051 881 1201 929 omnis,
1233 879 1300 920 vix
1323 880 1426 920 inito
1448 879 1614 935 proelio,
1635 894 1732 920 cum

400 938 583 1004 Magone
619 940 867 995 effugerunt.
932 940 1103 990 Hanno,
1136 940 1236 979 alter
1257 939 1496 994 imperator,
1529 953 1625 980 cum
1655 940 1731 989 eis,

400 998 470 1051 qui
489 997 698 1051 postremi,
725 998 851 1054 jam†
872 997 1090 1053 profligato
1120 997 1284 1063 proelio,
1317 999 1581 1048 advenerant,
1614 997 1732 1038 vivus

398 1056 571 1110 capitur.
635 1057 865 1113 Magonem
906 1056 1136 1112 fugientem
1179 1056 1387 1109 equitatus
1423 1056 1554 1097 ferme
1577 1056 1731 1123 omni-s,

402 1117 440 1154 &
470 1116 615 1169 {lquod
653 1125 838 1156 veterum
880 1115 1066 1170 peditum
1085 1123 1171 1155 erat
1211 1114 1354 1164 secuti,
1387 1115 1549 1156 decimo
1584 1115 1649 1156 die
1686 1115 1730 1155 in

399 1174 649 1214 Gaditanam
700 1174 953 1229 provinciam
1010 1174 1060 1214 ad
1102 1172 1405 1214 Hasdrubalem
1440 1184 1729 1228 pervenerunt.

398 1231 611 1282 Celtiberi,
644 1247 775 1274 novus
812 1233 944 1282 miles,
975 1232 1015 1272 in
1053 1232 1261 1287 proximas
1297 1233 1434 1287 dilapsi
1469 1233 1598 1283 silvas,
1631 1233 1728 1274 inde

397 1290 544 1332 domos
581 1292 848 1348 diffugerunt.
922 1292 1237 1346 Peropportuna
1270 1291 1444 1332 vi&oria
1482 1293 1544 1347 (6)
1575 1306 1731 1346 nequa-

398 1364 523 1403 quam
562 1358 721 1391 tantum
753 1352 839 1407 jam
862 1350 1086 1392 conflatum
1109 1349 1280 1399 bellum,
1315 1360 1467 1404 quanta
1487 1350 1618 1391 futuri
1641 1365 1729 1392 ma·-

397 1409 498 1449 teria
520 1408 616 1449 belli
649 1410 692 1464 (fi
720 1410 892 1451 licuiffet
913 1410 988 1462 eis,
1021 1409 1327 1451 Celtiberorum
1346 1420 1469 1464 gente
1500 1408 1649 1461 excita,
1685 1413 1728 1452 ὅτ

397 1467 498 1509 alios
523 1468 573 1508 ad
595 1482 708 1509 arma
740 1468 954 1509 sollicitare
987 1469 1179 1524 populos)
1200 1469 1384 1523 oppressa
1405 1477 1505 1509 erat.
1567 1469 1730 1523 Itaque,

398 1527 630 1567 collaudato
651 1531 674 1581 ‡
694 1526 871 1583 benigne
905 1527 1062 1579 Silano,
1094 1527 1234 1582 Scipio
1264 1526 1377 1581 spem
1419 1526 1667 1578 debellandi,
1700 1528 1727 1568 fi

397 1584 500 1626 nihil
540 1599 632 1626 eam
670 1586 754 1640 ipse
786 1586 1022 1627 cun&ando
1045 1595 1228 1627 moratus
1250 1587 1360 1636 effet,
1392 1585 1558 1636 naetus,
1588 1587 1638 1627 ad
1671 1586 1729 1637 id,

398 1644 510 1698 quod
531 1645 737 1699 reliquum
757 1644 853 1685 belli
869 1655 971 1695 erat,
1004 1645 1046 1684 in
1068 1645 1256 1685 ultimam
1274 1645 1515 1699 Hispaniam
1537 1645 1730 1688 adversus

397 1702 698 1744 Hasdrubalem
736 1703 881 1759 pergit.
945 1705 1116 1753 Poenus,
1167 1706 1235 1758 (7)
1274 1718 1405 1759 quum
1459 1704 1587 1745 castra
1635 1713 1727 1745 tum

397 1760 504 1801 forte
536 1763 586 1802 ad
619 1761 822 1803 sociorum
845 1761 1002 1802 animos
1037 1762 1079 1801 in
1101 1760 1254 1802 Baetica
1285 1763 1559 1804 continendos
1581 1763 1622 1802 in
1644 1762 1726 1803 fide

396 1819 583 1871 haberet,
615 1821 736 1876 signis
772 1818 939 1875 repente
973 1819 1155 1872 sublatis,
1187 1820 1298 1875 fugae
1330 1821 1479 1877 magis,
1510 1822 1635 1875 quam
1658 1821 1726 1862 iti-

398 1878 507 1919 neris
528 1879 670 1929 modo,
692 1879 855 1934 penitus
872 1880 922 1919 ad
939 1892 1140 1920 oceanum
1177 1881 1212 1919 8<
1232 1879 1373 1921 Gades
1409 1879 1536 1921 ducit.
1601 1880 1724 1921 Cete-

395 1938 505 1985 rum,
558 1943 573 1988 Η
599 1940 735 1991 quoad
777 1938 1036 1978 continuisset
1076 1937 1322 1989 exercitum,
1374 1941 1437 1994 (8)
1469 1939 1723 1994 propositum

394 1995 503 2036 bello
526 1995 564 2036 se
587 1995 676 2037 fore
698 2006 825 2046 ratus,
857 2007 1078 2050 antequam
1099 1995 1205 2036 freto
1229 1997 1368 2038 Gades
1399 1998 1621 2054 trajiceret,
1652 2011 1725 2038 ex-

394 2053 569 2095 ercitum
591 2069 758 2095 omnem
776 2055 914 2110 passim
936 2055 977 2094 in
1001 2054 1183 2095 civitates
1207 2056 1268 2111 (9)
1289 2055 1435 2106 divisit,
1467 2066 1514 2097 ut
1538 2058 1576 2097 &
1593 2056 1722 2098 muris

394 2112 433 2153 se
457 2112 546 2167 ipsi,
581 2117 616 2155 &
645 2114 768 2155 armis
786 2128 926 2155 muros
944 2122 1188 2154 tutarentur.

394 2261 422 2280 c.
447 2259 499 2289 33.
522 2252 624 2281 collato
639 2252 707 2293 pede
737 2263 779 2281 res
796 2257 881 2293 caepta
907 2253 974 2292 geri
994 2249 1046 2289 est.
1097 2251 1154 2281 Pes
1182 2252 1250 2291 pede
1273 2249 1405 2288 tollam,
1428 2258 1464 2282 ut
1492 2251 1590 2291 castra
1613 2252 1718 2292 castris

393 2297 414 2335 †
431 2298 568 2336 coaefirre.
613 2295 669 2336 (5)
690 2294 769 2327 vid.
796 2303 865 2327 not.
886 2304 914 2334 7.
933 2296 973 2326 ad
999 2306 1026 2328 c.
1046 2295 1095 2328 18.
1123 2295 1143 2326 l.
1174 2305 1229 2335 27.
1257 2296 1364 2338 supra.
1411 2297 1469 2338 (6)
1497 2298 1718 2339 Nequaquam

394 2347 526 2372 tantum
557 2349 629 2372 erat
668 2341 793 2373 bellum
838 2342 905 2383 jam
951 2340 1143 2380 conflatum,
1178 2341 1211 2372 δε
1238 2341 1299 2373 hac
1323 2341 1464 2373 vietor-i&
1494 2342 1718 2385 profligatum,

394 2394 520 2428 quanta
536 2386 643 2420 futuri
658 2386 795 2418 materia
816 2386 894 2418 belli
911 2385 1025 2418 eadem
1047 2386 1190 2418 νίἑὶοτίε
1208 2387 1358 2429 opprefl'a
1387 2395 1471 2420 erat.
1520 2388 1576 2430 (7)
1602 2388 1717 2420 Potius

392 2440 521 2463 mutato
538 2431 667 2470 ordine,
689 2446 771 2474 quum
798 2433 888 2476 castra
915 2439 945 2462 tu
929 2445 974 2462 um
988 2434 1073 2474 forte
1097 2436 1125 2463 in
1141 2433 1255 2465 Baetiea
1281 2433 1490 2464 ad&c.·1ta
1507 2435 1596 2466 certe
1621 2433 1718 2466 intel-

393 2475 571 2528 ligendum.
619 2479 674 2520 (8)
699 2479 907 2520 Propofitum
932 2477 1032 2509 instar
1049 2477 1149 2520 scopi,
1172 2489 1270 2520 quem
1286 2490 1355 2510 non
1382 2478 1505 2511 desinat
1519 2486 1631 2521 petere
1648 2478 1716 2510 Sci-

393 2523 461 2564 pio.
509 2524 565 2566 (9)
594 2523 683 2556 Infra
700 2524 724 2556 1.
754 2533 810 2565 37.
838 2535 865 2556 c.
894 2533 952 2564 45.
982 2526 1108 2567 Corfial
1098 2537 1127 2556 m
1144 2525 1262 2557 hiberna
1278 2527 1443 2557 exercitum:
1451 2525 1587 2568 dzvst

1460 2649 1534 2692 111.
1569 2648 1710 2706 Scipio
