1834 3099
359 127 592 169 LIBER
644 127 848 170 XXVIII.
896 128 1054 170 CAP.
1107 128 1160 172 X.

90 257 154 281 con
171 243 215 282 ul
227 242 408 300 sublimis
426 261 546 285 curru
579 246 805 302 multzj'ugis,
821 245 864 300 fi
884 247 1011 298 vellet,
1045 247 1159 302 equt‘s.
1228 245 1312 287 Uno
1336 261 1424 301 equo

89 302 153 355 (6)
169 312 241 355 per
265 304 404 343 urbem
425 320 560 345 verum
580 305 816 358 triumphum
848 305 936 344 vehi
952 323 964 344 :
1003 306 1277 360 Neronemque,
1309 307 1422 346 etiam

68 358 115 410 st
124 360 236 412 pedes
271 362 431 412 incedat,
464 365 530 403 vel
559 366 682 417 partlz'
714 379 750 402 eo
785 364 885 409 bello,
922 364 986 404 vel
1004 366 1139 417 spreta?
1169 380 1205 404 eo
1226 363 1425 417 triumpha

80 418 224 471 glor-id,
257 423 526 462 memorabilem
547 423 651 478 fore.
716 422 774 462 Hi
797 422 1002 462 sermones
1023 423 1297 477 spe&antium
1333 424 1421 465 Ne-

82 490 227 518 ronem
246 479 373 534 usque
391 482 432 520 in
456 481 707 535 Capitolium
727 480 930 535 prosecuti
954 481 1059 523 sunt.
1123 482 1349 522 Pecuniam
1374 482 1416 522 in

81 537 273 577 aerarium
298 541 480 580 tulerunt
504 543 565 594 (7)
598 539 826 579 sestertium
856 540 1007 590 tricies,
1040 540 1253 595 o&oginta
1285 540 1414 581 millia

81 594 186 635 aeris.
212 597 411 638 militibus
426 599 486 639 M.
505 598 646 638 Livius
668 598 983 654 quinquagenos
1013 599 1129 639 senos
1150 599 1247 639 affes
1269 599 1416 640 divifit.

82 657 329 696 tantundem
353 658 400 698 C.
423 657 620 698 Claudius
643 657 876 697 absentiuus
912 658 1110 698 militibus
1143 657 1224 697 suis
1245 657 1302 697 est
1326 658 1414 711 pol-

80 711 233 763 licitus,
267 730 397 770 quum
430 717 479 756 ad
511 715 738 757 exercitum
772 716 942 757 redisset.
1009 716 1229 765 Nonarum,
1261 730 1311 756 eo
1348 717 1413 757 die

80 772 197 836 plura
217 775 397 815 carmina
434 775 679 815 militaribus
701 781 727 828 †
743 775 849 832 jocis
874 776 914 814 in
938 776 986 816 C.
1012 774 1254 823 Claudium,
1287 774 1415 828 quam

80 845 121 869 m
141 832 350 873 consulem
374 833 507 883 suum,
536 834 706 890 jaitata.
770 834 940 888 Equites
963 834 1010 874 L.
1030 834 1254 873 Veturium
1283 836 1320 874 &
1355 833 1409 888 Ω.

78 888 296 932 Caeciliurn
313 894 467 948 legatos
491 894 651 948 magnis
673 894 802 933 tulisse
819 893 1025 942 laudibus,
1055 892 1320 947 hortatosque
1338 893 1414 932 effe

79 949 260 1002 plebem,
294 962 338 991 ut
361 966 431 992 eos
454 952 641 994 consules
674 953 714 993 iu
745 953 983 1007 proximum
1019 966 1174 992 annum
1212 961 1413 992 crearent.

79 1008 264 1064 adjeciss'e
301 1010 489 1065 eq'uitum
513 1013 839 1067 †praerogativae
876 1011 1166 1051 auetoritatem
1211 1010 1415 1061 consules,

79 1067 242 1121 postero
268 1070 333 1110 die
358 1070 398 1109 in
426 1071 643 1122 concione,
676 1070 802 1126 quam
843 1070 940 1111 forti
961 1077 987 1123 †
1009 1070 1202 1123 fidelique
1235 1070 1416 1110 duorum

79 1127 288 1182 praecipue'
312 1131 542 1185 legatorum
561 1131 685 1185 opera
709 1131 763 1170 usi
788 1130 930 1180 essent,
963 1141 1354 1170 commemorantes.

138 1185 193 1226 X.
228 1187 373 1246 Qum
397 1189 660 1229 comitiorum
683 1199 847 1243 tempus
865 1194 889 1241 †
909 1198 1134 1243 appeteret,
1171 1190 1209 1228 &
1235 1201 1307 1242 per
1329 1187 1416 1228 dic-

78 1252 254 1286 tatorem
271 1248 437 1288 comitia
455 1247 595 1288 haberi
618 1249 842 1303 placuisset,
876 1247 923 1288 C.
951 1247 1151 1288 Claudius
1184 1245 1323 1286 consul
1350 1246 1412 1287 M.
1438 1268 1568 1300 comitia.

78 1302 246 1345 Livium
270 1308 471 1362 collegam
495 1307 739 1348 dictatorem
776 1306 908 1348 dixit:
941 1306 1083 1346 Livius
1105 1305 1179 1364 Q
1196 1305 1416 1346 Caecilium

79 1363 322 1419 magistrum
354 1366 557 1420 equitum.
585 1381 608 1406 a
643 1368 708 1407 M.
735 1366 852 1406 Livio
889 1365 1091 1406 dietatore
1113 1371 1139 1417 †
1159 1364 1284 1404 creati
1316 1378 1415 1404 con-

79 1420 185 1464 sules
220 1424 268 1463 L.
308 1425 521 1475 Veturius,
555 1425 611 1481 Ω.
649 1424 870 1473 Caecilius3
916 1425 950 1464 is
986 1423 1084 1478 ipse,
1117 1423 1300 1477 quitum
1327 1434 1421 1463 erat

79 1482 273 1538 magister
293 1484 494 1539 equitum.
561 1485 660 1524 Inde
680 1495 904 1538 praetorum
928 1483 1095 1523 comitia
1117 1482 1269 1522 habita.
1290 1483 1416 1522 creati

79 1540 128 1581 C.
153 1540 369 1593 Servilius,
407 1544 467 1584 Μ.
504 1543 701 1585 Caecilius
735 1544 948 1590 Metellus,
979 1542 1047 1582 si.
1072 1541 1274 1582 Claudius
1299 1540 1417 1581 Asel-

79 1600 160 1650 lus,
193 1601 256 1659 Q
280 1602 498 1643 Mamilius
527 1602 730 1653 Turinus,
763 1603 946 1656 quitum
979 1600 1108 1640 aedilis
1146 1599 1276 1654 plebis
1313 1609 1413 1639 erat.

79 1659 272 1703 Comitiis
293 1661 506 1717 perfectis,
540 1662 733 1710 dietator,
767 1660 1005 1716 magistratu
1039 1659 1244 1708 abdicato,
1277 1658 1418 1698 dimis-

79 1718 203 1774 soque
226 1722 426 1768 exercitu,
459 1722 499 1760 in
530 1720 736 1761 Etruriam
775 1719 1028 1775 provinciam
1065 1732 1118 1759 ex
1155 1717 1417 1758 senatuscon-

79 1778 184 1820 sulto
219 1781 276 1822 est
309 1780 523 1835 profe&us
546 1781 594 1820 ad
620 1779 864 1834 quaestiones
901 1778 1136 1826 habendas3
1171 1777 1242 1830 qui
1276 1774 1417 1816 Etrus-

79 1853 225 1879 corum
247 1839 562 1881 Umbrorumve
605 1839 748 1894 populi
783 1838 1030 1879 defecffionis
1054 1837 1103 1876 ab
1128 1835 1333 1875 Romanis
1365 1837 1416 1874 ad

78 1897 381 1939 Hasdrubalem
406 1898 477 1939 sub
500 1899 723 1938 adventum
759 1898 848 1953 ejus
878 1896 1041 1938 consilia
1065 1894 1290 1949 agitassent,
1324 1894 1416 1946 qui·

80 1971 160 2010 que
183 1971 278 1998 eum
297 1957 474 2004 auxiliis,
507 1968 577 1996 aut
596 1967 847 2004 commeatu,
878 1966 947 1995 aut
965 1969 1042 2008 ope
1062 1952 1417 2008 aliqufijuvissent.
1479 1996 1486 2011 ι

79 2016 185 2057 Haec
209 2030 257 2055 eo
280 2031 388 2056 anno
423 2015 536 2055 domi
575 2015 814 2068 militiaeque
859 2013 982 2068 gesta.
1041 2017 1064 2064 ss
1087 2012 1195 2051 Ludi
1233 2011 1416 2050 Romani

79 2086 142 2116 ter
164 2075 239 2115 toti
266 2080 281 2126 Η
309 2075 520 2116 instaurati
555 2073 604 2113 ab
642 2074 829 2113 aedilibus
867 2071 1096 2120 curulibus,
1130 2070 1209 2111 Cn.
1239 2069 1414 2110 Servilio

81 2134 295 2190 Caepione,
347 2135 434 2175 Ser.
471 2133 666 2174 Cornelio
708 2132 904 2173 Lentulo.
968 2132 1073 2171 Item
1101 2135 1116 2181 Η
1139 2129 1225 2169 ludi
1260 2128 1412 2184 plebeii

82 2274 114 2304 δι
128 2271 248 2304 fluvius
266 2273 444 2304 Metaurus
461 2271 535 2313 plus
552 2269 651 2312 quitm
671 2271 769 2302 CCL.
788 2269 954 2301 milliaria.
970 2269 1007 2300 E.
1058 2266 1115 2308 (6)
1137 2268 1240 2307 Fquo,
1257 2263 1308 2296 cui
1324 2265 1416 2296 Nero

81 2319 253 2352 insidebat.
301 2321 430 2361 Negant
455 2326 566 2349 autem
586 2316 670 2347 Livii
699 2315 761 2348 effe
786 2327 902 2347 verum
921 2313 1139 2355 triumphum.
1186 2315 1242 2352 (7)
1260 2313 1307 2341 lix
1325 2312 1416 2353 Ep.t.

81 2368 101 2397 l.
123 2377 172 2406 15.
193 2365 402 2408 intelligitur,
427 2364 557 2396 Livium
575 2363 609 2393 in
627 2374 666 2393 eo
685 2361 864 2398 tradidisse,
885 2361 1020 2402 quando
1039 2357 1178 2389 Romani
1200 2357 1345 2399 primum
1364 2368 1416 2388 ar-

84 2422 185 2455 gento
198 2412 320 2455 signato
339 2411 385 2443 uti
402 2409 569 2452 caeperint.
618 2408 679 2438 Sed
693 2408 724 2438 in
739 2408 836 2449 hujus
850 2406 926 2438 belli
941 2406 1033 2436 libris
1050 2405 1119 2436 haec
1137 2403 1180 2435 cst
1194 2403 1301 2444 prima
1311 2402 1416 2441 sestar-

81 2465 187 2492 tiorum
205 2459 338 2490 mentio.
387 2456 556 2490 Sestertius
583 2464 734 2484 nummus
752 2455 815 2484 fuit
841 2460 1024 2495 argenteus,
1051 2458 1170 2491 quarta
1186 2460 1260 2490 pars
1279 2446 1418 2484 denarii,

85 2506 150 2538 five
167 2506 236 2537 duo
258 2504 337 2536 ass'es
363 2515 438 2536 cum
455 2503 589 2541 semiffe,
612 2500 770 2541 quamdiu
788 2499 943 2531 denarius
968 2496 1103 2529 det-ullis
1122 2496 1261 2527 valebat.
1312 2496 1417 2526 Porio

83 2553 153 2585 vid.
174 2555 186 2595 fl
207 2554 291 2584 decies
308 2554 386 2582 stris.

714 2591 763 2631 M
789 2602 812 2630 2
1293 2583 1416 2631 semel

1575 129 1655 185 163
