1834 3099
403 188 636 242 L113ER
680 199 822 242 xxv.
879 199 1040 243 cAP.
1089 197 1207 243 XVI.
1613 205 1695 253 3¹7

151 318 265 370 rum,
296 327 343 359 ut
375 319 634 373 plerumque,
665 316 833 358 fortuna
855 319 947 372 (ιο)
971 320 1011 359 &
1050 318 1213 358 confilia
1235 318 1340 358 mala
1360 316 1470 359 vice-z
1605 321 1633 370 †

151 388 248 417 runt
270 393 279 418 ε
317 377 457 418 Atinio
479 393 575 418 cum
598 376 677 416 suis
700 377 749 416 ad
772 390 883 416 mare
906 391 952 416 ac
975 391 1097 417 naves
1119 377 1316 427 dedixero,
1339 376 1470 431 magis

153 436 249 489 quia
267 435 352 490 ipfi,
384 436 436 477 ob
455 436 673 491 imperium
691 435 731 474 in
753 434 792 474 se
815 434 912 474 mite
935 435 1168 491 acjustum,
1199 438 1289 489 (11)
1312 435 1473 475 consula
1532 438 1534 441 ’

155 504 246 534 turn
277 494 484 546 volebant,
516 493 639 548 quhm
663 491 849 547 respeclu
873 494 1178 543 Romanorum,
1209 493 1474 548 Karthagini-

153 553 268 593 enses
306 552 347 592 in
387 553 526 594 urbem
576 551 796 606 accipiunt.
859 551 1058 592 Consules
1094 567 1116 592 a
1157 553 1394 592 Benevento
1429 552 1472 591 in
1495 548 1698 592 affinem-

154 610 414 665 Campanum
450 626 593 668 agrurn
629 611 810 665 legiones
847 611 1018 659 ducunt,
1051 625 1134 651 non
1172 612 1223 650 ad
1265 609 1471 650 frumenta
1486 603 1561 672 {³122
1561 607 1699 682 '‘Jevsm

152 669 295 719 modo,
313 685 405 724 quae
421 672 508 726 jam
530 670 571 709 in
593 669 772 709 hibernis
795 672 832 724 (1
846 678 887 722 2)
911 679 1040 709 erant
1065 670 1383 723 corrumpenda,
1406 667 1472 708 sed
1492 689 1600 718 dmm,

155 730 206 768 ad
230 728 416 783 Capuam
446 729 791 784 oppugnandam3
829 727 1010 768 nobilem
1043 728 1080 768 se
1102 728 1359 768 consulatum
1389 737 1474 767 tam

154 789 363 841 opulentae
388 788 499 828 urbis
521 787 680 827 excidio
703 787 777 826 rati
800 785 1001 838 sansturos,
1034 787 1148 826 simul
1175 789 1212 828 8<
1238 787 1382 842 ingens
1405 785 1477 826 fla-

156 846 305 901 gitium
342 850 433 902 (13)
455 847 627 900 irnperio
669 846 924 899 dempturos‚
958 843 1071 899 quod
1093 845 1183 886 urbi
1205 856 1287 885 tam
1310 844 1478 899 propin-

157 919 250 958 quae
273 905 439 945 tertium
474 908 566 959 (14)
589 919 742 944 annum
765 904 966 958 impunita
989 903 1169 944 defefflo
1185 903 1293 944 effet.
1356 904 1478 944 Cete-

156 961 268 1012 rum,
300 977 350 1003 ne
373 963 656 1004 Beneventum
676 964 754 1003 fine
777 963 960 1017 praefidio
977 964 1087 1013 ess‘et,
1112 965 1151 1004 δι’
1176 974 1220 1002 ut
1237 964 1285 1002 ad
1305 966 1328 1015 ss
1349 962 1479 1003 subita

157 1021 268 1070 belli,
301 1021 326 1062 fi
350 1022 559 1062 Hannibal
593 1023 722 1076 (quod
751 1021 960 1062 fusturum
1001 1022 1110 1062 haud
1133 1021 1392 1077 dubitabant)
1427 1021 1479 1061 ad

156 1094 281 1134 opem
303 1080 516 1121 ferendam
533 1081 648 1121 sociis
670 1081 857 1134 Capuam
878 1080 1059 1130 venisset,
1091 1082 1185 1135 (¹5)
1205 1080 1364 1134 equites
1394 1080 1478 1120 vim

158 1137 352 1180 sustinere
370 1140 543 1194 possent,
564 1139 632 1179 Ti.
655 1139 894 1180 Gracchum
911 1153 960 1180 ex
979 1140 1159 1180 Lucanis
1175 1153 1272 1179 cum
1294 1138 1479 1192 equitatu

161 1212 207 1238 ae
229 1198 311 1238 levi
330 1200 533 1238 armatur&
569 1199 853 1239 Beneventum
883 1197 1021 1238 venire
1037 1197 1219 1253 jubent:
1250 1197 1481 1253 legionibus

162 1255 394 1310 stativisque
438 1259 530 1312 (16)
571 1258 620 1297 ad
655 1255 898 1297 obtinendas
920 1271 984 1297 res
1019 1256 1062 1296 in
1101 1257 1281 1297 Lucanis
1301 1256 1480 1310 aliquem

162 1313 404 1370 praeficeret.

222 1373 340 1415 XVI.
375 1373 583 1423 Graccho,
615 1373 853 1428 priusquam
887 1388 935 1414 ex
973 1373 1153 1414 Lucanis
1193 1382 1391 1422 moveret,
1423 1373 1483 1415 sa·-
1501 1381 1670 1423 Prodigium

160 1431 362 1472 crificanti
384 1432 494 1473 triste
517 1433 752 1488 prodigium
788 1433 947 1473 sacstum
970 1432 1040 1473 est.
1071 1433 1120 1472 ad
1142 1442 1251 1484 exta,
1283 1431 1481 1473 sacrificio
1503 1429 1592 1458 (ῗά’
1591 1429 1692 1469 hosa
1688 1439 1708 1450 ·

162 1501 412 1546 perpetrato,
445 1505 600 1546 angues
621 1493 704 1532 duo
740 1505 790 1531 ex
826 1493 990 1532 occulto
1020 1491 1256 1546 allapfi(1),
1288 1489 1434 1532 edere
1420 1481 1511 1547 Je-

162 1564 251 1600 cur,
283 1549 585 1604 conspeefique
617 1561 784 1604 repente
806 1565 856 1590 ex
884 1550 1016 1590 oculis
1047 1549 1248 1590 abierunt.
1284 1549 1325 1590 id
1354 1564 1485 1604 quum

163 1608 396 1664 aruspicum
418 1610 580 1650 monitu
600 1608 844 1651 sacrificium
865 1609 1172 1661 instauraretur,
1203 1619 1325 1662 atque
1352 1608 1488 1650 inten-

1404 1667 1486 1710 tius

166 1785 305 1832 intelligi
322 1787 438 1831 posset,
460 1787 597 1821 alteram
615 1796 744 1831 partem
761 1788 853 1821 fuisse
869 1788 1015 1826 illorum,
1037 1786 1094 1830 qui
1114 1786 1267 1819 Atinium
1285 1786 1486 1830 receperint.

169 1833 350 1866 Posteriote
367 1835 440 1866 loco
458 1837 491 1865 τὸ
514 1831 576 1866 inde
592 1835 779 1866 redundare
797 1835 947 1867 videtur
994 1833 1184 1866 Gronovius
1202 1842 1312 1865 autem
1345 1834 1488 1875 explicat

166 1885 226 1922 per
241 1894 312 1911 nunc
327 1888 384 1911 ἰιιτη
385 1883 449 1918 lem,
465 1880 529 1922 post
545 1883 633 1911 talem
649 1883 752 1922 cufim.
801 1883 881 1922 (10)
907 1882 1056 1911 Fortunam
1084 1879 1232 1922 intelligo
1254 1889 1325 1910 eam
1349 1887 1489 1920 partem,

168 1925 234 1966 qua
263 1928 398 1957 fortuna
415 1925 508 1957 stetit.
536 1928 573 1957 E.
623 1927 702 1967 (11)
730 1929 834 1968 Supra
853 1926 872 1957 l.
894 1938 927 1964 4.
950 1937 975 1957 c.
992 1936 1024 1965 5.
1051 1927 1172 1962 Scilicet,
1195 1928 1262 1966 quia
1278 1926 1353 1956 nobis
1385 1927 1489 1965 carsul-

169 1978 229 2002 tum
241 1973 390 2010 'volebatifi
407 1974 558 2003 certamine
575 1972 700 2011 abstinui
723 1975 757 2003 is.
783 1974 822 2004 F..
870 1974 950 2013 (12)
962 1973 1048 2003 Ver&
1064 1969 1202 2002 Omnino
1216 1969 1283 2013 Jac‘.
1297 1969 1489 2001 Gronovius

168 2017 335 2055 emendat,
355 2020 494 2059 quaejam
510 2021 540 2048 in
553 2019 649 2049 herbis
662 2031 721 2048 e··a
711 2025 751 2048 1t
797 2017 896 2049 Ovid.
910 2020 972 2060 Ep.
998 2027 1010 2048 1
1021 2027 1050 2056 7.
1073 2027 1107 2048 V.
1137 2015 1323 2056 263-adh11c
1338 2026 1387 2047 rua
1401 2017 1487 2058 meffis

167 2065 197 2093 in
214 2063 300 2093 herba·
325 2064 371 2116 fst.
388 2062 488 2104 supra
516 2063 538 2094 l.
568 2073 623 2104 23.
653 2075 678 2095 c.
694 2063 751 2102 48.
775 2077 820 2094 nec
842 2065 908 2095 ante
935 2065 1062 2095 violavit
1077 2075 1179 2106 agrum
1199 2063 1386 2104 Campanum,
1405 2061 1488 2102 ᾳιιᾶηι

159 2111 188 2150 j
182 2122 228 2140 tm
244 2110 339 2140 altae'
327 2121 356 2138 m
360 2111 395 2150 s
390 2122 425 2151 g
413 2110 499 2139 etibus
515 2109 611 2142 herhae
623 2111 759 2151 pabulum
769 2111 901 2151 praehere
913 2117 1030 2152 poteram
1022 2116 1057 2140 1.t
1105 2110 1193 2139 lnfra
1207 2106 1489 2140 c.18.consules

171 2153 285 2196 passim
302 2153 453 2195 populati
467 2153 560 2185 fuisse
571 2155 729 2186 dicuntur
749 2168 756 2186 :
776 2166 836 2186 nec
854 2154 1042 2197 potuitjam
1056 2161 1240 2186 extremum
1257 2152 1372 2184 aestatis
1358 2151 1490 2191 efuiffe,

173 2211 276 2241 quum
289 2207 339 2230 tot
352 2199 416 2230 alia
432 2198 586 2242 deinceps
607 2201 714 2232 adhuc
727 2200 812 2242 gesta
828 2201 1010 2233 videamus.
1056 2202 1090 2240 (ι
1100 2199 1137 2240 3)
1150 2199 1326 2235 Probrum,
1346 2198 1489 2230 dedecus
1509 2237 1513 2239 Α

172 2245 313 2287 imperio
337 2247 488 2276 Romano
504 2245 708 2287 dempturos.
757 2248 843 2277 {nfra
868 2247 891 2277 l.
913 2256 965 2284 42.
990 2257 1020 2277 c.
1045 2245 1099 2276 60.
1124 2258 1214 2275 movet
1206 2246 1363 2286 riflaqitio
1378 2246 1489 2274 timoris

162 2294 289 2333 fatendi.
318 2292 354 2322 E.
398 2292 480 2332 (14)
504 2295 620 2322 Annos
652 2290 776 2323 medios
803 2291 970 2333 intelligit,
1003 2289 1157 2323 extremis
1180 2288 1382 2331 imperfenstis
1421 2299 1489 2320 non

172 2335 362 2369 numeratis.
409 2335 572 2377 Alioquin
585 2340 710 2378 quintum
727 2344 797 2368 erat
812 2337 1032 2369 scribendum.
1081 2336 1156 2367 Hoc
1181 2336 1281 2366 modo
1299 2334 1412 2366 Livius
1429 2342 1491 2366 nu-

173 2393 300 2414 merare
315 2381 427 2413 solitus
437 2382 491 2414 est.
538 2384 621 2414 Sunt
639 2390 750 2413 tamen
765 2381 865 2414 etiam
887 2382 1048 2424 exempla,
1070 2380 1125 2412 ubi
1143 2380 1285 2412 alterum
1310 2379 1492 2412 terminum

171 2438 312 2460 numero
324 2428 585 2469 compxehendit.
632 2429 712 2469 (15)
728 2429 774 2459 Ut
791 2427 941 2470 equitatu
956 2426 1081 2470 poffent
1097 2426 1252 2458 sustinere
1269 2425 1335 2457 vim
1360 2425 1494 2457 Hanni·

173 2473 266 2509 baiis,
289 2473 345 2514 qui
380 2472 582 2514 equestribus
609 2472 714 2515 copiis
737 2473 958 2516 praecellebat.
1003 2473 1085 2516 (16)
1110 2473 1166 2504 Ad
1200 2471 1339 2504 tuendas
1364 2482 1427 2510 res,
1449 2471 1492 2503 ad

176 2520 335 2551 tenendos
352 2518 387 2550 in
400 2518 510 2551 officio
526 2521 691 2551 Lucanos.

220 2603 260 2634 C.
289 2601 341 2632 16.
388 2601 444 2642 (1)
470 2602 552 2632 Hor.
580 2601 689 2644 Epod.
712 2611 738 2632 1.
761 2611 797 2633 V.
824 2610 875 2641 19.
926 2601 966 2632 Ut
992 2601 1104 2643 ffdens
1120 2601 1299 2643 implumibus
1309 2601 1400 2643 pulli:
1427 2602 1494 2632 avis

174 2647 351 2688 Serpentium
363 2650 490 2690 allapfics
505 2651 596 2678 timet.
646 2648 728 2678 Mox
743 2658 805 2689 pto
814 2646 902 2685 ειίἓνε,
915 2646 1106 2679 Gronovius
1117 2657 1155 2677 ex
1168 2645 1330 2688 scripturi
1341 2644 1495 2678 codicum

175 2692 258 2725 bene
270 2693 402 2736 conjicit
419 2693 544 2733 adedffrc,
565 2692 592 2728 i.
607 2704 633 2726 e.
651 2702 779 2736 partem
796 2693 866 2736 ejus
890 2692 1175 2735 consumpserunt.
1225 2691 1316 2725 Infra
1339 2692 1429 2746 libato.
1444 2695 1496 2734 jo-

1404 2750 1498 2770 cmore
