1834 3099
88 152 167 194 154

78 1929 178 1972 Claffis
195 1929 279 1960 Rom.

67 1977 226 2019 populatur

76 2024 225 2064 Africam.

832 137 871 179 T
928 138 1124 182 LIVII

310 260 534 314 ejecerunt,
565 258 673 298 scuta
692 272 775 312 prae
799 256 836 297 se
870 267 1072 306 tenentes,
1106 271 1156 297 ne
1189 258 1266 297 tela
1291 259 1433 312 procul
1456 259 1634 314 conjiccss

309 329 483 366 rentur3
527 317 689 357 dextras
730 318 861 357 nudas
898 317 1164 366 ostentantes,
1198 327 1241 356 ut
1263 318 1418 371 gladios
1452 317 1635 373 abjecisse

310 387 536 432 appareret.
565 376 606 416 id
636 388 775 415 utrum
799 390 941 429 parum
966 389 1017 416 ex
1038 376 1250 415 intervallo
1275 376 1318 416 sit
1351 376 1638 430 conspeaestum,

309 450 361 476 an
395 436 514 476 dolus
544 435 688 489 aliquis
721 433 930 489 suspeEtus
956 434 1096 484 fuerit,
1126 434 1428 489 incompertum
1451 434 1521 475 est.
1554 435 1637 475 Im·

308 505 428 549 petus
451 494 607 534 hostilis
636 494 676 534 in
700 493 931 549 transfugas
952 493 1115 534 faetus:
1149 508 1223 534 nec
1246 494 1377 545 secus,
1409 495 1533 548 quam
1567 495 1637 534 ad-

309 553 420 595 versa
444 553 567 603 acies,
600 553 702 594 caefi.
765 552 1000 606 Eademque
1021 551 1136 607 porta
1167 553 1274 608 signa
1297 558 1310 603 Η
1338 552 1482 593 infesta
1504 553 1546 593 in
1569 567 1637 593 ur-

308 612 403 653 bem
427 613 536 653 illata
556 627 564 652 ε
601 614 639 653 &
673 611 762 652 aliis
783 611 965 666 partibus
999 610 1206 653 securibus
1230 612 1485 666 dolabrisque
1507 613 1639 652 caede-

309 672 460 712 bantur
495 674 531 712 ἃ
557 670 887 726 refringebantur
925 681 1068 725 portae,
1104 673 1160 720 δι,
1196 670 1432 726 utquisque
1461 671 1639 711 intrave-

309 740 372 771 rat
393 745 534 786 eques,
567 731 617 770 ad
644 729 782 770 forum
803 731 1092 784 occupandum
1131 730 1202 784 (ita
1239 730 1350 770 enim
1381 740 1635 785 praeceptum

308 793 413 844 erat)
434 791 558 830 citato
589 803 697 843 equo
730 788 936 844 pergebat.
1002 789 1204 830 Additum
1227 800 1313 829 erat
1338 792 1377 831 &t
1401 789 1636 830 triariorum

306 849 437 903 equiti
455 849 700 904 praesidium.
722 847 934 904 legionarii
957 857 1111 889 ceteras
1133 857 1268 902 partes
1290 848 1544 903 pervadunt:
1575 846 1639 888 di-

308 908 550 962 reptione&
569 908 680 948 caede
703 906 934 955 obviorum,
967 907 1038 947 nisi
1070 907 1141 961 qui
1173 907 1296 948 armis
1325 906 1362 947 se
1397 907 1637 959 tuebantur,

308 966 603 1007 abstinuerunt.
665 965 1026 1021 Karthaginienses
1051 979 1194 1006 ornnes
1229 967 1269 1005 in
1292 965 1519 1007 custodiam
1551 967 1636 1007 dati

308 1025 424 1065 sunt:
457 1026 758 1079 oppidanorum
791 1038 956 1078 quoque
990 1025 1163 1066 trecenti
1201 1024 1345 1075 ferme,
1378 1025 1449 1079 qui
1482 1024 1637 1066 clause-

306 1096 397 1124 rant
420 1097 570 1138 portas.
594 1084 740 1124 ceteris
768 1082 964 1123 traditum
1001 1083 1217 1137 oppidum,
1249 1084 1331 1123 suae
1364 1084 1532 1124 redditae
1555 1098 1633 1127 res.

306 1142 504 1184 Cecidere
527 1143 568 1183 in
600 1142 710 1183 urbis
732 1142 821 1198 ejus
842 1142 1150 1197 oppugnatione
1186 1142 1366 1182 hostium
1401 1143 1484 1182 duo
1506 1142 1634 1185 millia

306 1202 437 1243 ferme
455 1219 468 1251 3
503 1202 793 1243 Romanorum
815 1200 925 1242 haud
941 1200 1120 1256 amplius·
1141 1201 1379 1256 nonaginta.

364 1262 440 1302 IV.
475 1262 590 1301 Laeta
613 1261 655 1301 δε
686 1260 793 1315 ipsis,
826 1259 1007 1314 quirem
1028 1260 1193 1315 gessere,
1226 1259 1338 1301 urbis
1359 1260 1448 1316 ejus
1480 1274 1637 1317 expug-

306 1320 417 1361 natio
439 1319 534 1371 fuit,
568 1322 605 1361 Sc
625 1319 862 1374 imperatori
885 1329 1104 1374 ceteroque
1118 1319 1316 1360 exercitui
1338 1336 1350 1368 3
1383 1322 1421 1360 Sc
1440 1327 1465 1373 †
1483 1320 1639 1375 specio-

305 1378 394 1420 sum
418 1380 641 1419 adventum
663 1378 799 1430 suum,
832 1378 1042 1434 ingentem
1067 1377 1229 1418 turbam
1264 1378 1521 1433 captivorum
1550 1394 1636 1434 prae

305 1437 343 1479 se
366 1448 548 1493 agentes,
595 1437 798 1479 fecerunt.
861 1437 1019 1492 Scipio,
1051 1437 1282 1478 collaudato
1318 1436 1460 1488 fratre,
1488 1452 1636 1492 quum,

304 1507 459 1552 quanto
482 1506 641 1552 poterat
661 1496 881 1538 verborum
903 1495 1076 1549 honore,
1107 1495 1354 1551 Karthagini
1371 1496 1421 1537 ab
1443 1496 1481 1537 se
1504 1506 1634 1552 captae

303 1566 467 1612 captam
505 1556 553 1597 ab
585 1570 634 1596 eo
657 1555 837 1611 Oringin
869 1555 1074 1610 aequaffet,
1107 1555 1202 1609 quia
1228 1557 1266 1596 &
1290 1555 1424 1597 hiems
1444 1555 1636 1609 instabat,

304 1625 350 1656 ut
381 1629 455 1656 nee
486 1624 642 1655 tentare
666 1614 823 1664 Gades,
855 1628 929 1656 nec
961 1614 1037 1670 disj
1043 1613 1184 1655 eitum
1206 1613 1347 1669 paffim
1374 1629 1447 1670 per
1467 1615 1635 1670 provin-

303 1674 409 1715 ciam
431 1673 661 1714 exercitum
681 1672 954 1715 Hasdrubalis
977 1630 1204 1714 coinsecttari
1233 1673 1374 1727 posset,
1407 1674 1448 1714 in
1470 1674 1635 1715 citerio-

301 1748 390 1774 rem
425 1731 667 1787 Hispaniam
690 1746 834 1773 omnes
865 1731 954 1772 suas
990 1731 1129 1786 copias
1164 1732 1354 1772 reduxit·
1385 1732 1631 1788 dimissisque

301 1793 345 1832 in
374 1791 543 1832 hiberna
565 1790 814 1846 legionibus,
846 1791 896 1831 L.
920 1790 1114 1845 Scipione
1147 1789 1272 1831 fratre
1296 1790 1477 1832 Romam
1499 1792 1632 1842 miffo,

302 1853 343 1892 δι’
370 1851 578 1891 Hannone
610 1849 790 1890 hostium
842 1849 1104 1904 imperatore,
1156 1847 1382 1903 ceterisque
1424 1849 1632 1899 nobilibus

302 1909 487 1964 captivis,
520 1907 602 1963 ipse
624 1908 905 1950 Tarraconem
926 1907 1129 1949 conceflit.
1192 1908 1349 1948 Eodem
1371 1923 1480 1950 anno
1502 1910 1631 1952 classis

303 1969 511 2017 Romana,
544 1981 640 2007 cum
664 1968 730 2008 M.
755 1967 923 2007 Valerio
946 1966 1116 2007 Laevino
1148 1966 1391 2021 proconsule
1413 1981 1463 2007 ex
1491 1968 1630 2010 Sicilia

300 2029 342 2068 in
368 2026 556 2069 Africam
573 2025 810 2078 trarisniifl‘a,
839 2026 880 2067 in
897 2024 1085 2066 Uticensi
1100 2016 1510 2081 Karthaginiensique
1533 2042 1633 2083 agro

299 2086 379 2128 late
402 2086 687 2151 populationes
705 2084 817 2126 fecit.
838 2083 1033 2126 extremis
1053 2083 1204 2132 finibus
1226 2084 1631 2141 Karthaginiensium

299 2146 407 2187 circa
434 2145 516 2200 ipsa
533 2145 689 2184 moenia
706 2144 846 2186 Uticae
868 2136 1016 2200 praedae
1032 2142 1138 2184 2&ae
1158 2142 1264 2184 sunt.
1327 2143 1631 2200 Repetentibus

299 2205 482 2246 Siciliam
524 2202 650 2244 classis
677 2202 850 2253 Punica,
884 2201 1157 2257 (septuaginta
1185 2212 1300 2242 erant
1331 2203 1467 2259 longae
1489 2208 1630 2260 naves)

300 2264 493 2319 occurrit.
517 2263 660 2302 decem
690 2264 730 2303 δε
761 2261 915 2316 septem
947 2274 1070 2302 naves
1092 2260 1213 2302 exiis
1234 2271 1363 2316 captae
1385 2262 1495 2316 sunt,
1528 2278 1629 2318 qua-

301 2334 394 2365 tuor
431 2322 473 2361 in
495 2322 576 2361 alto
606 2319 761 2361 mersae
785 2331 919 2362 cetera
944 2319 1032 2360 fusa
1053 2333 1099 2361 ac
1122 2318 1263 2376 fugata
1293 2319 1434 2365 claffis
1498 2323 1631 2366 Terra

301 2454 441 2485 eandem
467 2454 608 2485 formam
633 2452 714 2484 dixit
742 2456 771 2482 in
802 2466 884 2483 unum
899 2455 1038 2494 conjicere,
1060 2456 1216 2492 convenire,
1238 2456 1375 2495 conferre,
1395 2456 1566 2492 contrahere,
1584 2467 1613 2487 co

296 2512 375 2541 gere,
400 2500 460 2530 &c.
510 2498 642 2531 Plenius
671 2499 782 2530 autem
799 2508 1042 2540 nonnunquam
1058 2498 1140 2531 dixit
1156 2502 1185 2530 in
1203 2513 1284 2531 unum
1299 2503 1387 2532 locun
1400 2501 1538 2541 corgferre,
1563 2513 1626 2531 con-

300 2557 421 2587 gregare
435 2544 502 2576 ὄις.
533 2552 570 2576 ut
587 2543 688 2588 supra
705 2543 729 2576 1.
758 2553 788 2584 7.
807 2542 908 2585 c-'37.
930 2544 1019 2577 infra
1035 2546 1056 2578 1.
1077 2545 1130 2586 38.
1148 2556 1174 2578 c.
1194 2545 1291 2586 27.1.
1315 2555 1371 2588 39.
1390 2556 1421 2580 c.
1451 2554 1505 2586 30.
1520 2543 1543 2577 1.
1565 2555 1623 2584 40.

300 2601 330 2622 c.
352 2598 406 2632 39.

1439 2653 1625 2708 marique
