1834 3099
333 169 402 212 LI
418 170 450 212 B
472 170 506 212 E
524 170 565 212 R
597 168 799 211 XXVIII.
832 167 868 209 C
891 167 928 209 A
951 168 998 210 P.
1029 168 1257 215 XXXVII,

137 292 237 333 erat,
268 297 344 326 nec
366 285 445 326 fine
459 285 576 326 causa
597 285 769 327 eleetam
792 294 883 325 ante
905 284 1048 326 urbem
1078 285 1289 327 stationem
1321 301 1443 344 appa-

137 341 264 383 rebat.
297 343 433 398 itaque
454 344 641 402 instrufc'ti
677 343 902 396 armatique
935 343 1041 383 intra
1062 356 1236 397 portam,
1265 347 1315 386 ad
1338 347 1443 404 stag-

137 409 238 440 num
260 415 306 441 ac
328 415 438 442 mare
459 402 627 453 versam,
660 401 986 442 continebantur.
1048 402 1136 443 Ubi
1153 403 1264 443 effusi
1291 403 1441 455 hostes,

1588 193 1667 233 ¹99

135 459 200 513 (2)
231 459 359 500 mixta
380 459 484 500 inter
505 460 653 501 milites
674 459 825 509 navalis
846 459 980 510 turba,
1011 459 1061 499 ad
1089 473 1228 501 muros
1260 465 1442 504 tumultu
1508 491 1510 493 -

135 529 304 572 majore,
350 518 474 572 quam
510 519 564 568 vi,
607 518 829 567 subierunt,
871 516 1074 571 patefacit&
1109 519 1273 572 repente
1310 523 1441 574 porta,

135 573 316 615 Romani
337 591 432 616 cum
455 578 630 617 clamore
657 587 902 630 erumpunt:
934 575 1194 630 turbatosque
1214 576 1364 629 hostes,
1397 582 1440 622 δε

131 632 181 672 ad
195 633 374 687 primum
393 635 597 675 incursum
617 633 933 689 conjeEtumque
968 634 1144 674 telorum
1177 635 1348 685 aversos,
1377 638 1442 678 us-

131 702 211 743 que
233 692 283 732 ad
304 692 400 734 litus
415 707 509 734 cum
527 693 654 732 multa
672 691 780 732 crede
795 691 1105 746 persequuntur.
1119 706 1210 742 nec,
1230 693 1300 733 nisi
1319 694 1440 736 nav‘es

128 749 237 788 litori
259 750 435 805 appulsae
447 751 623 805 trepidos
639 751 892 804 accepifl‘ent,
923 749 1174 804 superfuisset
1195 765 1343 806 pugnae
1359 764 1441 794 aaut

130 805 240 862 fugae
253 809 479 863 quisquam.
541 809 589 848 In
610 808 701 862 ipsis
722 822 884 862 quoque
905 807 1152 862 trepidatum
1175 810 1344 852 navibus
1365 811 1440 862 est,

130 865 248 918 dum,
265 880 313 907 ne
329 866 462 908 hostes
483 881 578 908 cum
599 866 679 907 suis
710 867 825 907 simul
845 867 1130 921 irrumperent,
1161 867 1327 909 trahunt
1358 869 1442 911 sca-

129 923 202 973 las,
237 930 254 976 n
277 925 445 979 orasque
471 928 508 966 &
525 939 706 974 ancoras,
735 939 787 965 ne
804 925 845 964 in
866 925 1072 965 moliendo
1086 939 1199 965 mora
1212 926 1320 976 esset,
1337 942 1441 982 prae-

128 982 283 1023 cidunt.
304 984 504 1037 multique
527 985 720 1024 adnantes
742 983 928 1035 navibus,
959 986 1025 1037 (3).
1043 983 1197 1024 incerto
1222 999 1306 1038 prae
1326 996 1440 1027 tene-

128 1038 226 1089 bris,
258 1042 357 1095 quid
391 1053 461 1082 aut
497 1051 680 1097 peterent
713 1052 782 1082 aut
813 1043 1001 1092 vitarent,
1034 1039 1145 1082 foede
1182 1042 1437 1086 interierunt.

127 1097 294 1140 Postero
316 1100 380 1141 die
416 1114 543 1154 quum
580 1100 704 1141 claffis
732 1101 825 1140 inde
861 1110 971 1140 retro
1006 1100 1057 1140 ad
1079 1113 1296 1152 oceanum,
1329 1103 1438 1143 unde

127 1168 306 1207 venerat,
338 1157 514 1214 fugisset,
544 1160 594 1199 ad
628 1158 854 1214 octingenti
886 1157 1073 1198 homines
1106 1159 1192 1199 caesr
1225 1159 1329 1200 inter
1348 1175 1440 1202 mu-

127 1228 220 1256 rum
242 1216 416 1271 litusque
431 1219 511 1270 (4),
544 1220 584 1259 &
598 1218 647 1257 ad
665 1218 747 1257 duo
765 1217 889 1257 millia
919 1230 1126 1256 armorum
1146 1217 1322 1258 iuventa.

188 1273 413 1316 XXXVII.
454 1275 597 1330 Mago,
643 1289 772 1330 quum
807 1275 947 1316 Gades
986 1275 1200 1329 repetisset,
1252 1276 1437 1318 exclusus

126 1330 238 1383 inde,
283 1333 334 1374 ad
366 1337 428 1388 (1)
458 1332 637 1374 Cimbim
674 1334 797 1387 (haud
833 1333 974 1387 procul
996 1347 1017 1374 a
1041 1333 1228 1375 Gadibus
1259 1334 1292 1375 is
1322 1336 1436 1377 locus

126 1390 254 1445 abest)
271 1392 384 1432 claffe
401 1391 581 1446 appulsa,
598 1391 806 1432 mittendis
821 1391 979 1447 legatis,
1000 1392 1309 1447 querendoque,
1325 1393 1436 1449 quod

125 1459 252 1503 portae
275 1448 344 1490 fibi
364 1449 470 1492 socio
490 1459 611 1504 atque
634 1450 765 1491 amico
787 1449 930 1490 clausae
949 1449 1099 1500 forent,
1133 1456 1148 1502 n
1169 1452 1438 1507 purgantibus

125 1507 190 1557 iis,
236 1508 510 1550 multitudinis
547 1508 744 1549 concursu
779 1508 953 1556 saecum,
1002 1507 1156 1549 infestae
1189 1508 1243 1549 ob
1283 1509 1440 1564 direpta

125 1567 314 1621 quaedarn
349 1566 419 1609 abs
440 1566 805 1609 conscendentibus
842 1580 962 1606 naves
985 1565 1198 1616 militibus,
1229 1568 1280 1608 ad
1314 1570 1441 1609 collo-

126 1624 269 1678 quium
291 1625 452 1666 suffetes
473 1638 632 1674 eorum,
664 1629 726 1680 (2)
754 1625 824 1678 qui
848 1624 1029 1666 summus
1050 1624 1190 1665 Poenis
1215 1624 1271 1665 est
1294 1627 1441 1682 magis-

126 1692 273 1733 tratus,
323 1697 418 1724 cum
455 1683 652 1738 quaestore
692 1683 846 1733 elicuit,
896 1682 1169 1737 laceratosque
1206 1682 1441 1727 verberibus

126 1741 506 1798 cruciaffigijuffit:
538 1743 632 1782 inde
650 1741 818 1782 navibus
840 1741 890 1782 ad
906 1740 1112 1797 Pityusam
1135 1740 1321 1789 insulam,
1344 1758 1440 1784 cen-

125 1810 213 1841 tum
233 1800 356 1841 millia
370 1801 497 1841 ferme
519 1815 542 1841 a
555 1800 796 1849 continenti,
828 1800 964 1854 (Poeni
980 1811 1068 1840 tum
1084 1813 1172 1840 eam
1189 1799 1436 1857 incolebant)

125 1859 309 1914 trajecit:
341 1859 477 1915 itaque
500 1858 625 1899 classis
650 1865 665 1908 μ
692 1859 797 1899 bona
825 1872 919 1898 cum
943 1871 1041 1913 pace
1070 1868 1234 1912 accepta
1255 1859 1328 1907 est,
1360 1874 1437 1900 nee

1459 1311 1549 1341 Gades
1563 1313 1663 1353 repetit

1457 1358 1525 1386 unde
1540 1356 1638 1388 exclu-

1457 1404 1546 1435 ditur.

124 1928 377 1958 commeatus
418 1915 543 1957 modo
570 1921 594 1970 ss
620 1916 794 1972 benigne
833 1916 1006 1971 praebiti,
1041 1915 1105 1956 sed
1129 1919 1190 1970 (3)
1213 1915 1254 1954 in
1277 1916 1438 1971 supple-
1492 1947 1494 1949 -

126 1984 312 2015 mentum
345 1975 470 2016 classis
499 1975 692 2030 juventus
725 1988 917 2027 armaque
949 1975 1054 2015 data.
1078 1987 1253 2027 quorum
1288 1973 1439 2018 fiducia

123 2033 279 2074 Poenus
301 2033 341 2072 in
370 2032 547 2073 Baliares
569 2032 1046 2086 insulas(quinquaginta
1081 2032 1174 2071 inde
1208 2031 1333 2072 millia
1368 2033 1439 2073 ab-

127 2091 239 2145 sunt)
276 2090 501 2131 transmisxt.
564 2093 670 2133 Duae
702 2089 793 2129 sunt
829 2090 1006 2129 Baliares
1042 2089 1199 2140 insulae,
1232 2091 1361 2145 major
1382 2091 1437 2133 al-

124 2159 209 2192 tera
246 2159 366 2204 atque
403 2148 635 2203 opulentior
669 2148 791 2188 armis
814 2147 1015 2200 virisque:
1053 2149 1090 2188 8<
1114 2157 1280 2201 portum
1299 2148 1437 2201 habet,

127 2208 196 2252 ubi
213 2207 428 2251 commode
449 2206 757 2251 hibernaturum
780 2205 816 2246 se
840 2208 896 2261 (sc
909 2206 994 2261 jam
1008 2215 1237 2245 extremum
1252 2209 1439 2248 autumni

1335 2270 1439 2322 erat)

125 2384 183 2426 (2)
201 2386 263 2417 Per
291 2381 480 2425 epexegesm
507 2381 647 2415 dictum.
693 2382 749 2423 (3)
766 2379 875 2424 Vid.u
905 2381 1021 2424 Ellipfis
1049 2380 1216 2423 participii
1245 2381 1338 2414 verbi
1365 2382 1440 2415 sub-

127 2429 267 2469 stantivi.
314 2432 364 2469 (4,
384 2428 506 2469 Supple
531 2426 724 2468 inventisunt.

174 2477 210 2508 C.
240 2484 292 2514 37.
319 2474 374 2515 (ι)
405 2475 534 2505 Nomen
563 2472 626 2505 loci
653 2482 770 2516 parum
799 2479 929 2509 notum,
965 2470 1017 2501 vel
1047 2469 1177 2502 fortasse
1208 2472 1440 2513 depravatum.

1459 2114 1642 2157 Tratgsmitift

1455 2163 1483 2190 in
1502 2162 1641 2194 Baliare·-

1456 2208 1576 2248 insulas·

125 2521 183 2562 (2)
198 2521 326 2561 Nempe
356 2520 387 2549 δε
407 2518 562 2550 Gaditani
593 2520 672 2550 Poem'
700 2526 804 2555 erant,
827 2517 848 2547 i.
863 2527 893 2548 e.
914 2526 931 2547 e
949 2516 1114 2547 Phoenicia
1135 2516 1277 2547 oriundi.
1331 2519 1439 2551 Gades
1502 2546 1504 2550 ,

126 2566 214 2600 enim
227 2563 354 2600 colonia
368 2562 561 2607 Tyriorum.
606 2565 734 2606 Sqffetes,
756 2563 808 2593 seu
830 2562 940 2606 potius
964 2561 1070 2602 Susete,
1090 2561 1204 2603 lingua
1226 2562 1348 2593 Punici
1365 2563 1440 2597 sunt

125 2611 261 2659 judices⁴
279 2610 368 2643 Heb.
383 2619 557 2654 Ducam>-
608 2610 663 2651 (3)
679 2610 943 2652 Insupplvnmnm
969 2606 1112 2639 occurrit
1140 2607 1225 2638 infra
1242 2607 1266 2639 1.
1285 2616 1383 2695 37·Lc-
1404 2617 1439 2694 ἒ.

1390 2671 1400 2692 2
1429 2683 1441 2694 a
