<?xml version="1.0" encoding="UTF-8"?>
<!DOCTYPE html PUBLIC "-//W3C//DTD XHTML 1.0 Transitional//EN"
    "http://www.w3.org/TR/xhtml1/DTD/xhtml1-transitional.dtd">
<html xmlns="http://www.w3.org/1999/xhtml" xml:lang="en" lang="en">
 <head>
  <title>
</title>
<meta http-equiv="Content-Type" content="text/html;charset=utf-8" />
  <meta name='ocr-system' content='tesseract 3.04.00' />
  <meta name='ocr-capabilities' content='ocr_page ocr_carea ocr_par ocr_line ocrx_word'/>
</head>
<body>
  <div class='ocr_page' id='page_1' title='image "./historiaeromanae02livyuoft_0212.png"; bbox 0 0 1860 3099; ppageno 0'>
   <div class='ocr_carea' id='block_1_1' title="bbox 115 247 189 297">
    <p class='ocr_par' dir='ltr' id='par_1_1' title="bbox 115 247 189 297">
     <span class='ocr_line' id='line_1_1' title="bbox 115 247 189 297; baseline 0.027 -15"><span class='ocrx_word' id='word_1_1' title='bbox 115 247 189 297; x_wconf 88' lang='lat'>198</span> 
     </span>
    </p>
   </div>
   <div class='ocr_carea' id='block_1_2' title="bbox 112 776 311 851">
    <p class='ocr_par' dir='ltr' id='par_1_2' title="bbox 112 776 304 851">
     <span class='ocr_line' id='line_1_2' title="bbox 112 776 304 849; baseline -0.005 -45.979"><span class='ocrx_word' id='word_1_2' title='bbox 112 777 144 805; x_wconf 76' lang='lat' dir='ltr'>S·</span> <span class='ocrx_word' id='word_1_3' title='bbox 126 778 250 849; x_wconf 59' lang='lat' dir='ltr'>Hsptonex</span> <span class='ocrx_word' id='word_1_4' title='bbox 279 776 304 803; x_wconf 82' lang='lat' dir='ltr'>ei</span> 
     </span>
     <span class='ocr_line' id='line_1_3' title="bbox 149 821 311 851; baseline 0.008 -2.135"><span class='ocrx_word' id='word_1_5' title='bbox 149 821 202 851; x_wconf 80' lang='grc' dir='ltr'><strong><em>··ι’.ιι</em></strong></span> <span class='ocrx_word' id='word_1_6' title='bbox 202 832 220 849; x_wconf 78' lang='lat' dir='ltr'>u</span> <span class='ocrx_word' id='word_1_7' title='bbox 237 833 267 850; x_wconf 77' lang='lat' dir='ltr'>cu</span> <span class='ocrx_word' id='word_1_8' title='bbox 270 827 311 850; x_wconf 76' lang='lat' dir='ltr'>nt.</span> 
     </span>
    </p>
   </div>
   <div class='ocr_carea' id='block_1_3' title="bbox 118 1793 326 1871">
    <p class='ocr_par' dir='ltr' id='par_1_3' title="bbox 118 1793 326 1871">
     <span class='ocr_line' id='line_1_4' title="bbox 119 1793 312 1834; baseline -0.01 -12"><span class='ocrx_word' id='word_1_9' title='bbox 119 1793 222 1834; x_wconf 67' lang='lat' dir='ltr'>Pugna</span> <span class='ocrx_word' id='word_1_10' title='bbox 240 1795 312 1822; x_wconf 73' lang='lat' dir='ltr'>inter</span> 
     </span>
     <span class='ocr_line' id='line_1_5' title="bbox 118 1835 326 1871; baseline 0 -6"><span class='ocrx_word' id='word_1_11' title='bbox 118 1839 255 1871; x_wconf 55' lang='lat' dir='ltr'>sapimus</span> <span class='ocrx_word' id='word_1_12' title='bbox 288 1835 326 1865; x_wconf 48' lang='grc' dir='ltr'>ὅ)</span> 
     </span>
    </p>
   </div>
   <div class='ocr_carea' id='block_1_4' title="bbox 827 247 1142 291">
    <p class='ocr_par' dir='ltr' id='par_1_4' title="bbox 827 247 1142 291">
     <span class='ocr_line' id='line_1_6' title="bbox 827 247 1142 291; baseline 0.013 -4"><span class='ocrx_word' id='word_1_13' title='bbox 827 247 878 288; x_wconf 80' lang='grc' dir='ltr'>Τ.</span> <span class='ocrx_word' id='word_1_14' title='bbox 923 247 1142 291; x_wconf 84' lang='lat' dir='ltr'>LIVII</span> 
     </span>
    </p>
   </div>
   <div class='ocr_carea' id='block_1_5' title="bbox 333 360 1669 1871">
    <p class='ocr_par' dir='ltr' id='par_1_5' title="bbox 333 360 1669 1564">
     <span class='ocr_line' id='line_1_7' title="bbox 333 360 1667 420; baseline 0.003 -22"><span class='ocrx_word' id='word_1_15' title='bbox 333 360 523 401; x_wconf 78' lang='lat' dir='ltr'>omnibus</span> <span class='ocrx_word' id='word_1_16' title='bbox 546 361 625 402; x_wconf 78' lang='lat' dir='ltr'>suae</span> <span class='ocrx_word' id='word_1_17' title='bbox 640 362 823 415; x_wconf 87' lang='lat' dir='ltr'>ditionis,</span> <span class='ocrx_word' id='word_1_18' title='bbox 845 363 938 405; x_wconf 82' lang='lat' dir='ltr'>satis</span> <span class='ocrx_word' id='word_1_19' title='bbox 954 379 1120 420; x_wconf 85' lang='lat' dir='ltr'>gnarus,</span> <span class='ocrx_word' id='word_1_20' title='bbox 1155 362 1434 404; x_wconf 87' lang='lat' dir='ltr'>Hannibalem</span> <span class='ocrx_word' id='word_1_21' title='bbox 1457 360 1667 403; x_wconf 71' lang='lat' dir='ltr'>transitus</span> 
     </span>
     <span class='ocr_line' id='line_1_8' title="bbox 334 418 1650 474; baseline 0.001 -16"><span class='ocrx_word' id='word_1_22' title='bbox 334 418 529 471; x_wconf 85' lang='lat' dir='ltr'>quosdam</span> <span class='ocrx_word' id='word_1_23' title='bbox 563 421 694 474; x_wconf 88' lang='lat' dir='ltr'>pretio</span> <span class='ocrx_word' id='word_1_24' title='bbox 725 433 977 464; x_wconf 85' lang='lat' dir='ltr'>mercatum:</span> <span class='ocrx_word' id='word_1_25' title='bbox 1012 437 1085 463; x_wconf 88' lang='lat' dir='ltr'>nec</span> <span class='ocrx_word' id='word_1_26' title='bbox 1119 422 1268 463; x_wconf 84' lang='lat' dir='ltr'>auxilia</span> <span class='ocrx_word' id='word_1_27' title='bbox 1309 421 1470 461; x_wconf 87' lang='lat' dir='ltr'>Gallica</span> <span class='ocrx_word' id='word_1_28' title='bbox 1517 419 1650 469; x_wconf 85' lang='lat' dir='ltr'>aliter,</span> 
     </span>
     <span class='ocr_line' id='line_1_9' title="bbox 335 478 1669 542; baseline 0.001 -26"><span class='ocrx_word' id='word_1_29' title='bbox 335 491 459 529; x_wconf 86' lang='lat' dir='ltr'>quam</span> <span class='ocrx_word' id='word_1_30' title='bbox 478 479 923 529; x_wconf 64' lang='lat' dir='ltr'>c011dueta,habuifl&#39;e;</span> <span class='ocrx_word' id='word_1_31' title='bbox 946 482 1129 535; x_wconf 84' lang='lat' dir='ltr'>inopem,</span> <span class='ocrx_word' id='word_1_32' title='bbox 1144 480 1395 520; x_wconf 87' lang='lat' dir='ltr'>tantumiter</span> <span class='ocrx_word' id='word_1_33' title='bbox 1412 478 1669 542; x_wconf 80' lang='lat' dir='ltr'>ingressum,-</span> 
     </span>
     <span class='ocr_line' id='line_1_10' title="bbox 335 536 1650 594; baseline 0.001 -20"><span class='ocrx_word' id='word_1_34' title='bbox 335 536 401 574; x_wconf 81' lang='lat' dir='ltr'>vix</span> <span class='ocrx_word' id='word_1_35' title='bbox 425 546 730 589; x_wconf 78' lang='lat' dir='ltr'>penetraturum</span> <span class='ocrx_word' id='word_1_36' title='bbox 749 539 799 578; x_wconf 93' lang='lat' dir='ltr'>ad</span> <span class='ocrx_word' id='word_1_37' title='bbox 820 540 946 593; x_wconf 82' lang='lat' dir='ltr'>Alpes</span> <span class='ocrx_word' id='word_1_38' title='bbox 968 540 1096 579; x_wconf 80' lang='lat' dir='ltr'>suifl&#39;e.</span> <span class='ocrx_word' id='word_1_39' title='bbox 1126 539 1310 593; x_wconf 81' lang='lat' dir='ltr'>pecuniis</span> <span class='ocrx_word' id='word_1_40' title='bbox 1345 538 1470 594; x_wconf 84' lang='lat' dir='ltr'>igitur</span> <span class='ocrx_word' id='word_1_41' title='bbox 1500 536 1650 590; x_wconf 87' lang='lat' dir='ltr'>raptim</span> 
     </span>
     <span class='ocr_line' id='line_1_11' title="bbox 334 594 1650 650; baseline 0 -17"><span class='ocrx_word' id='word_1_42' title='bbox 334 594 506 644; x_wconf 62' lang='lat' dir='ltr'>exactis,</span> <span class='ocrx_word' id='word_1_43' title='bbox 523 597 572 635; x_wconf 91' lang='lat' dir='ltr'>ad</span> <span class='ocrx_word' id='word_1_44' title='bbox 588 595 752 635; x_wconf 87' lang='lat' dir='ltr'>Iberum</span> <span class='ocrx_word' id='word_1_45' title='bbox 770 596 991 639; x_wconf 82' lang='lat' dir='ltr'>descendit.</span> <span class='ocrx_word' id='word_1_46' title='bbox 1055 597 1234 637; x_wconf 84' lang='lat' dir='ltr'>Decreta</span> <span class='ocrx_word' id='word_1_47' title='bbox 1250 594 1650 650; x_wconf 77' lang='lat' dir='ltr'>Karthaginiensium</span> 
     </span>
     <span class='ocr_line' id='line_1_12' title="bbox 337 626 1650 708; baseline -0.002 -15"><span class='ocrx_word' id='word_1_48' title='bbox 337 655 376 693; x_wconf 85' lang='lat'>&amp;</span> <span class='ocrx_word' id='word_1_49' title='bbox 395 626 691 694; x_wconf 68' lang='lat' dir='ltr'>Hasdrubalis·</span> <span class='ocrx_word' id='word_1_50' title='bbox 683 666 759 694; x_wconf 80' lang='lat' dir='ltr'>iter</span> <span class='ocrx_word' id='word_1_51' title='bbox 780 655 909 695; x_wconf 81' lang='lat' dir='ltr'>ubi-ad</span> <span class='ocrx_word' id='word_1_52' title='bbox 929 657 1142 696; x_wconf 86' lang='lat' dir='ltr'>Romanos</span> <span class='ocrx_word' id='word_1_53' title='bbox 1156 655 1246 695; x_wconf 89' lang='lat' dir='ltr'>sunt</span> <span class='ocrx_word' id='word_1_54' title='bbox 1269 655 1437 708; x_wconf 83' lang='lat' dir='ltr'>perlata,</span> <span class='ocrx_word' id='word_1_55' title='bbox 1459 652 1650 692; x_wconf 79' lang='lat' dir='ltr'>omnibus</span> 
     </span>
     <span class='ocr_line' id='line_1_13' title="bbox 336 710 1651 769; baseline 0 -20"><span class='ocrx_word' id='word_1_56' title='bbox 336 711 485 751; x_wconf 80' lang='lat' dir='ltr'>omissis</span> <span class='ocrx_word' id='word_1_57' title='bbox 520 711 655 761; x_wconf 87' lang='lat' dir='ltr'>rebus,</span> <span class='ocrx_word' id='word_1_58' title='bbox 685 713 805 752; x_wconf 83' lang='lat' dir='ltr'>ambo</span> <span class='ocrx_word' id='word_1_59' title='bbox 843 715 983 762; x_wconf 85' lang='lat' dir='ltr'>duces,</span> <span class='ocrx_word' id='word_1_60' title='bbox 1021 713 1179 769; x_wconf 62' lang='lat' dir='ltr'>junctis</span> <span class='ocrx_word' id='word_1_61' title='bbox 1211 713 1354 767; x_wconf 81' lang='lat' dir='ltr'>copiis,</span> <span class='ocrx_word' id='word_1_62' title='bbox 1388 712 1445 752; x_wconf 88' lang='lat' dir='ltr'>ire</span> <span class='ocrx_word' id='word_1_63' title='bbox 1487 710 1651 751; x_wconf 84' lang='lat' dir='ltr'>obviam</span> 
     </span>
     <span class='ocr_line' id='line_1_14' title="bbox 337 769 1652 827; baseline -0.001 -19"><span class='ocrx_word' id='word_1_64' title='bbox 337 770 484 823; x_wconf 84' lang='lat' dir='ltr'>coeptis</span> <span class='ocrx_word' id='word_1_65' title='bbox 506 779 627 823; x_wconf 84' lang='lat' dir='ltr'>atque</span> <span class='ocrx_word' id='word_1_66' title='bbox 650 770 836 811; x_wconf 78' lang='lat' dir='ltr'>obsistere</span> <span class='ocrx_word' id='word_1_67' title='bbox 859 787 943 827; x_wconf 80' lang='lat' dir='ltr'>pai</span> <span class='ocrx_word' id='word_1_68' title='bbox 935 783 1035 811; x_wconf 78' lang='lat' dir='ltr'>mt-</span> <span class='ocrx_word' id='word_1_69' title='bbox 1026 802 1038 822; x_wconf 95' lang='lat'>,</span> <span class='ocrx_word' id='word_1_70' title='bbox 1071 772 1146 812; x_wconf 79' lang='lat' dir='ltr'>rati</span> <span class='ocrx_word' id='word_1_71' title='bbox 1170 773 1193 810; x_wconf 80' lang='lat' dir='ltr'>si</span> <span class='ocrx_word' id='word_1_72' title='bbox 1218 769 1459 818; x_wconf 77' lang='lat' dir='ltr'>Hannibali,</span> <span class='ocrx_word' id='word_1_73' title='bbox 1490 770 1557 808; x_wconf 86' lang='lat' dir='ltr'>vix</span> <span class='ocrx_word' id='word_1_74' title='bbox 1579 781 1652 822; x_wconf 86' lang='lat' dir='ltr'>per</span> 
     </span>
     <span class='ocr_line' id='line_1_15' title="bbox 337 825 1653 882; baseline 0 -16"><span class='ocrx_word' id='word_1_75' title='bbox 337 826 374 867; x_wconf 89' lang='lat' dir='ltr'>se</span> <span class='ocrx_word' id='word_1_76' title='bbox 397 827 465 880; x_wconf 84' lang='lat' dir='ltr'>ipfi</span> <span class='ocrx_word' id='word_1_77' title='bbox 491 829 700 868; x_wconf 85' lang='lat' dir='ltr'>tolerando</span> <span class='ocrx_word' id='word_1_78' title='bbox 721 830 808 868; x_wconf 86' lang='lat' dir='ltr'>Ital&#39;</span> <span class='ocrx_word' id='word_1_79' title='bbox 801 844 848 869; x_wconf 82' lang='lat' dir='ltr'>1ae</span> <span class='ocrx_word' id='word_1_80' title='bbox 870 830 990 877; x_wconf 85' lang='lat' dir='ltr'>hosti,</span> <span class='ocrx_word' id='word_1_81' title='bbox 1015 830 1245 870; x_wconf 84' lang='lat' dir='ltr'>Hasdrubal</span> <span class='ocrx_word' id='word_1_82' title='bbox 1275 830 1357 868; x_wconf 84' lang='lat' dir='ltr'>dux</span> <span class='ocrx_word' id='word_1_83' title='bbox 1395 839 1518 882; x_wconf 86' lang='lat' dir='ltr'>atque</span> <span class='ocrx_word' id='word_1_84' title='bbox 1554 825 1653 867; x_wconf 90' lang='lat' dir='ltr'>His-</span> 
     </span>
     <span class='ocr_line' id='line_1_16' title="bbox 334 884 1653 943; baseline 0.001 -21"><span class='ocrx_word' id='word_1_85' title='bbox 334 886 533 938; x_wconf 81' lang='lat' dir='ltr'>paniensis</span> <span class='ocrx_word' id='word_1_86' title='bbox 547 886 750 927; x_wconf 87' lang='lat' dir='ltr'>exercitus</span> <span class='ocrx_word' id='word_1_87' title='bbox 772 888 865 927; x_wconf 79' lang='lat' dir='ltr'>esset</span> <span class='ocrx_word' id='word_1_88' title='bbox 893 888 1081 943; x_wconf 49' lang='lat' dir='ltr'>junctus,</span> <span class='ocrx_word' id='word_1_89' title='bbox 1105 891 1165 942; x_wconf 88' lang='grc'>(4)</span> <span class='ocrx_word' id='word_1_90' title='bbox 1186 888 1300 927; x_wconf 86' lang='lat' dir='ltr'>illum</span> <span class='ocrx_word' id='word_1_91' title='bbox 1325 887 1505 927; x_wconf 87' lang='lat' dir='ltr'>Romani</span> <span class='ocrx_word' id='word_1_92' title='bbox 1527 884 1653 925; x_wconf 84' lang='lat' dir='ltr'>finem</span> 
     </span>
     <span class='ocr_line' id='line_1_17' title="bbox 335 943 1654 997; baseline 0.002 -15"><span class='ocrx_word' id='word_1_93' title='bbox 335 944 495 997; x_wconf 89' lang='lat' dir='ltr'>imperii</span> <span class='ocrx_word' id='word_1_94' title='bbox 518 943 621 986; x_wconf 77' lang='lat' dir='ltr'>fore.</span> <span class='ocrx_word' id='word_1_95' title='bbox 682 945 761 986; x_wconf 86' lang='lat' dir='ltr'>His</span> <span class='ocrx_word' id='word_1_96' title='bbox 781 946 890 985; x_wconf 86' lang='lat' dir='ltr'>anxii</span> <span class='ocrx_word' id='word_1_97' title='bbox 908 946 1016 986; x_wconf 82' lang='lat' dir='ltr'>curis</span> <span class='ocrx_word' id='word_1_98' title='bbox 1034 948 1083 986; x_wconf 88' lang='lat' dir='ltr'>ad</span> <span class='ocrx_word' id='word_1_99' title='bbox 1106 947 1270 986; x_wconf 86' lang='lat' dir='ltr'>Iberum</span> <span class='ocrx_word' id='word_1_100' title='bbox 1304 943 1552 986; x_wconf 79' lang='lat' dir='ltr'>contrahunt</span> <span class='ocrx_word' id='word_1_101' title='bbox 1584 957 1654 984; x_wconf 89' lang='lat' dir='ltr'>co·</span> 
     </span>
     <span class='ocr_line' id='line_1_18' title="bbox 335 1001 1652 1059; baseline 0 -19"><span class='ocrx_word' id='word_1_102' title='bbox 335 1002 421 1056; x_wconf 86' lang='lat' dir='ltr'>pias</span> <span class='ocrx_word' id='word_1_103' title='bbox 463 1017 476 1050; x_wconf 88' lang='lat'>;</span> <span class='ocrx_word' id='word_1_104' title='bbox 540 1005 600 1053; x_wconf 72' lang='grc' dir='ltr'>δι,</span> <span class='ocrx_word' id='word_1_105' title='bbox 643 1004 808 1043; x_wconf 78' lang='lat' dir='ltr'>transito</span> <span class='ocrx_word' id='word_1_106' title='bbox 857 1018 994 1054; x_wconf 88' lang='lat' dir='ltr'>amne,</span> <span class='ocrx_word' id='word_1_107' title='bbox 1055 1018 1184 1059; x_wconf 88' lang='lat' dir='ltr'>quum</span> <span class='ocrx_word' id='word_1_108' title='bbox 1235 1004 1306 1043; x_wconf 89' lang='lat' dir='ltr'>diu</span> <span class='ocrx_word' id='word_1_109' title='bbox 1352 1001 1652 1048; x_wconf 62' lang='lat' dir='ltr'>consultassent,</span> 
     </span>
     <span class='ocr_line' id='line_1_19' title="bbox 337 1059 1653 1111; baseline 0.001 -14"><span class='ocrx_word' id='word_1_110' title='bbox 337 1072 476 1099; x_wconf 78' lang='lat' dir='ltr'>utrum</span> <span class='ocrx_word' id='word_1_111' title='bbox 494 1066 518 1111; x_wconf 91' lang='lat'>†</span> <span class='ocrx_word' id='word_1_112' title='bbox 544 1061 670 1100; x_wconf 72' lang='lat' dir='ltr'>elstra</span> <span class='ocrx_word' id='word_1_113' title='bbox 691 1061 829 1102; x_wconf 85' lang='lat' dir='ltr'>castris</span> <span class='ocrx_word' id='word_1_114' title='bbox 848 1061 1098 1110; x_wconf 85' lang='lat' dir='ltr'>conferrent,</span> <span class='ocrx_word' id='word_1_115' title='bbox 1117 1076 1167 1101; x_wconf 81' lang='lat' dir='ltr'>an</span> <span class='ocrx_word' id='word_1_116' title='bbox 1191 1061 1283 1102; x_wconf 81' lang='lat' dir='ltr'>satis</span> <span class='ocrx_word' id='word_1_117' title='bbox 1301 1061 1513 1110; x_wconf 82' lang='lat' dir='ltr'>haberent,</span> <span class='ocrx_word' id='word_1_118' title='bbox 1535 1059 1653 1100; x_wconf 87' lang='lat' dir='ltr'>sociis</span> 
     </span>
     <span class='ocr_line' id='line_1_20' title="bbox 335 1117 1656 1175; baseline -0.002 -17"><span class='ocrx_word' id='word_1_119' title='bbox 335 1117 737 1173; x_wconf 71' lang='lat' dir='ltr'>Karthaginiensium</span> <span class='ocrx_word' id='word_1_120' title='bbox 749 1120 1052 1175; x_wconf 85' lang='lat' dir='ltr'>oppugnandi5,</span> <span class='ocrx_word' id='word_1_121' title='bbox 1063 1121 1211 1159; x_wconf 83' lang='lat' dir='ltr'>morari</span> <span class='ocrx_word' id='word_1_122' title='bbox 1230 1119 1299 1160; x_wconf 86' lang='lat' dir='ltr'>ab</span> <span class='ocrx_word' id='word_1_123' title='bbox 1292 1120 1435 1159; x_wconf 75' lang='lat' dir='ltr'>ninere</span> <span class='ocrx_word' id='word_1_124' title='bbox 1452 1117 1656 1173; x_wconf 81' lang='lat' dir='ltr'>proposito</span> 
     </span>
     <span class='ocr_line' id='line_1_21' title="bbox 335 1175 1658 1232; baseline 0.001 -18"><span class='ocrx_word' id='word_1_125' title='bbox 335 1175 509 1224; x_wconf 82' lang='lat' dir='ltr'>hostem,</span> <span class='ocrx_word' id='word_1_126' title='bbox 535 1177 675 1216; x_wconf 86' lang='lat' dir='ltr'>urbem</span> <span class='ocrx_word' id='word_1_127' title='bbox 699 1192 720 1216; x_wconf 88' lang='lat' dir='ltr'>a</span> <span class='ocrx_word' id='word_1_128' title='bbox 749 1179 982 1232; x_wconf 89' lang='lat' dir='ltr'>propinquo</span> <span class='ocrx_word' id='word_1_129' title='bbox 1005 1178 1172 1218; x_wconf 85' lang='lat' dir='ltr'>flumine</span> <span class='ocrx_word' id='word_1_130' title='bbox 1199 1178 1359 1218; x_wconf 79' lang='lat' dir='ltr'>lberam</span> <span class='ocrx_word' id='word_1_131' title='bbox 1392 1177 1658 1231; x_wconf 84' lang='lat' dir='ltr'>appellatam,</span> 
     </span>
     <span class='ocr_line' id='line_1_22' title="bbox 337 1234 1654 1302; baseline 0 -29"><span class='ocrx_word' id='word_1_132' title='bbox 337 1234 678 1287; x_wconf 75' lang='lat' dir='ltr'>opulentissimam</span> <span class='ocrx_word' id='word_1_133' title='bbox 705 1249 751 1275; x_wconf 84' lang='lat' dir='ltr'>ea</span> <span class='ocrx_word' id='word_1_134' title='bbox 786 1237 1025 1290; x_wconf 84' lang='lat' dir='ltr'>tempestate</span> <span class='ocrx_word' id='word_1_135' title='bbox 1067 1236 1244 1291; x_wconf 85' lang='lat' dir='ltr'>regionis</span> <span class='ocrx_word' id='word_1_136' title='bbox 1272 1237 1379 1291; x_wconf 84' lang='lat' dir='ltr'>ejus,</span> <span class='ocrx_word' id='word_1_137' title='bbox 1415 1247 1654 1302; x_wconf 84' lang='lat' dir='ltr'>oppugnare</span> 
     </span>
     <span class='ocr_line' id='line_1_23' title="bbox 338 1289 1658 1358; baseline -0.001 -27"><span class='ocrx_word' id='word_1_138' title='bbox 338 1303 495 1344; x_wconf 79' lang='lat' dir='ltr'>parant.</span> <span class='ocrx_word' id='word_1_139' title='bbox 528 1294 639 1358; x_wconf 81' lang='lat' dir='ltr'>quod</span> <span class='ocrx_word' id='word_1_140' title='bbox 665 1293 732 1333; x_wconf 87' lang='lat' dir='ltr'>ubi</span> <span class='ocrx_word' id='word_1_141' title='bbox 754 1293 870 1334; x_wconf 86' lang='lat' dir='ltr'>senfit</span> <span class='ocrx_word' id='word_1_142' title='bbox 892 1293 1139 1342; x_wconf 87' lang='lat' dir='ltr'>Hasdrubal,</span> <span class='ocrx_word' id='word_1_143' title='bbox 1172 1297 1235 1348; x_wconf 80' lang='lat'>(5)</span> <span class='ocrx_word' id='word_1_144' title='bbox 1256 1308 1332 1348; x_wconf 89' lang='lat' dir='ltr'>pro</span> <span class='ocrx_word' id='word_1_145' title='bbox 1370 1307 1448 1346; x_wconf 88' lang='lat' dir='ltr'>ope</span> <span class='ocrx_word' id='word_1_146' title='bbox 1487 1289 1658 1332; x_wconf 84' lang='lat' dir='ltr'>ferenda</span> 
     </span>
     <span class='ocr_line' id='line_1_24' title="bbox 339 1349 1656 1406; baseline 0 -17"><span class='ocrx_word' id='word_1_147' title='bbox 339 1350 471 1399; x_wconf 75' lang='lat' dir='ltr'>sociis,</span> <span class='ocrx_word' id='word_1_148' title='bbox 489 1351 620 1406; x_wconf 90' lang='lat' dir='ltr'>pergit</span> <span class='ocrx_word' id='word_1_149' title='bbox 641 1351 749 1405; x_wconf 86' lang='lat' dir='ltr'>ipse</span> <span class='ocrx_word' id='word_1_150' title='bbox 741 1366 798 1392; x_wconf 77' lang='lat' dir='ltr'>ire</span> <span class='ocrx_word' id='word_1_151' title='bbox 816 1353 865 1393; x_wconf 87' lang='lat' dir='ltr'>ad</span> <span class='ocrx_word' id='word_1_152' title='bbox 885 1352 1044 1401; x_wconf 88' lang='lat' dir='ltr'>urbem,</span> <span class='ocrx_word' id='word_1_153' title='bbox 1077 1352 1257 1392; x_wconf 87' lang='lat' dir='ltr'>deditam</span> <span class='ocrx_word' id='word_1_154' title='bbox 1288 1365 1419 1405; x_wconf 86' lang='lat' dir='ltr'>nuper</span> <span class='ocrx_word' id='word_1_155' title='bbox 1450 1350 1492 1390; x_wconf 90' lang='lat' dir='ltr'>in</span> <span class='ocrx_word' id='word_1_156' title='bbox 1529 1349 1656 1390; x_wconf 87' lang='lat' dir='ltr'>fidem</span> 
     </span>
     <span class='ocr_line' id='line_1_25' title="bbox 339 1408 1655 1465; baseline 0 -18"><span class='ocrx_word' id='word_1_157' title='bbox 339 1408 645 1458; x_wconf 87' lang='lat' dir='ltr'>Romanorum,</span> <span class='ocrx_word' id='word_1_158' title='bbox 659 1411 992 1465; x_wconf 81' lang='lat' dir='ltr'>oppugnandam.</span> <span class='ocrx_word' id='word_1_159' title='bbox 1011 1411 1064 1450; x_wconf 83' lang='lat' dir='ltr'>ita</span> <span class='ocrx_word' id='word_1_160' title='bbox 1079 1412 1162 1465; x_wconf 88' lang='lat' dir='ltr'>jam</span> <span class='ocrx_word' id='word_1_161' title='bbox 1181 1420 1317 1464; x_wconf 85' lang='lat' dir='ltr'>coepta</span> <span class='ocrx_word' id='word_1_162' title='bbox 1340 1409 1493 1450; x_wconf 86' lang='lat' dir='ltr'>obfidio</span> <span class='ocrx_word' id='word_1_163' title='bbox 1514 1408 1655 1448; x_wconf 80' lang='lat' dir='ltr'>omissa</span> 
     </span>
     <span class='ocr_line' id='line_1_26' title="bbox 339 1465 1659 1523; baseline 0.001 -18"><span class='ocrx_word' id='word_1_164' title='bbox 339 1465 389 1505; x_wconf 88' lang='lat' dir='ltr'>ab</span> <span class='ocrx_word' id='word_1_165' title='bbox 409 1466 610 1508; x_wconf 82' lang='lat' dir='ltr'>Romanis</span> <span class='ocrx_word' id='word_1_166' title='bbox 646 1467 720 1518; x_wconf 88' lang='lat' dir='ltr'>est,</span> <span class='ocrx_word' id='word_1_167' title='bbox 748 1471 785 1510; x_wconf 69' lang='grc' dir='ltr'>ὅ(</span> <span class='ocrx_word' id='word_1_168' title='bbox 825 1469 867 1509; x_wconf 87' lang='lat' dir='ltr'>in</span> <span class='ocrx_word' id='word_1_169' title='bbox 909 1469 1040 1523; x_wconf 85' lang='lat' dir='ltr'>ipsum</span> <span class='ocrx_word' id='word_1_170' title='bbox 1061 1468 1360 1510; x_wconf 87' lang='lat' dir='ltr'>Hasdrubalem</span> <span class='ocrx_word' id='word_1_171' title='bbox 1397 1466 1557 1508; x_wconf 86' lang='lat' dir='ltr'>versum</span> <span class='ocrx_word' id='word_1_172' title='bbox 1572 1465 1659 1507; x_wconf 91' lang='lat' dir='ltr'>bel-</span> 
     </span>
     <span class='ocr_line' id='line_1_27' title="bbox 342 1525 443 1564; baseline -0.012 0"><span class='ocrx_word' id='word_1_173' title='bbox 342 1525 443 1564; x_wconf 89' lang='lat' dir='ltr'>lum.</span> 
     </span>
    </p>

    <p class='ocr_par' dir='ltr' id='par_1_6' title="bbox 341 1581 1667 1871">
     <span class='ocr_line' id='line_1_28' title="bbox 400 1581 1654 1642; baseline -0.001 -20"><span class='ocrx_word' id='word_1_174' title='bbox 400 1582 560 1624; x_wconf 83' lang='lat' dir='ltr'>XXIX.</span> <span class='ocrx_word' id='word_1_175' title='bbox 594 1583 794 1642; x_wconf 84' lang='lat' dir='ltr'>Qinque</span> <span class='ocrx_word' id='word_1_176' title='bbox 833 1584 1008 1625; x_wconf 87' lang='lat' dir='ltr'>millium</span> <span class='ocrx_word' id='word_1_177' title='bbox 1044 1585 1256 1625; x_wconf 88' lang='lat' dir='ltr'>intervallo</span> <span class='ocrx_word' id='word_1_178' title='bbox 1298 1583 1426 1624; x_wconf 86' lang='lat' dir='ltr'>castra</span> <span class='ocrx_word' id='word_1_179' title='bbox 1466 1581 1654 1623; x_wconf 89' lang='lat' dir='ltr'>distantia</span> 
     </span>
     <span class='ocr_line' id='line_1_29' title="bbox 341 1639 1667 1706; baseline 0 -27"><span class='ocrx_word' id='word_1_180' title='bbox 341 1639 520 1681; x_wconf 86' lang='lat' dir='ltr'>habuere</span> <span class='ocrx_word' id='word_1_181' title='bbox 544 1656 694 1706; x_wconf 84' lang='lat' dir='ltr'>paucos</span> <span class='ocrx_word' id='word_1_182' title='bbox 711 1643 830 1682; x_wconf 84' lang='lat' dir='ltr'>dies:</span> <span class='ocrx_word' id='word_1_183' title='bbox 862 1656 936 1682; x_wconf 91' lang='lat' dir='ltr'>nec</span> <span class='ocrx_word' id='word_1_184' title='bbox 961 1643 1040 1682; x_wconf 82' lang='lat' dir='ltr'>sine</span> <span class='ocrx_word' id='word_1_185' title='bbox 1060 1642 1214 1683; x_wconf 82' lang='lat' dir='ltr'>levibus</span> <span class='ocrx_word' id='word_1_186' title='bbox 1233 1643 1403 1697; x_wconf 86' lang='lat' dir='ltr'>proeliis,</span> <span class='ocrx_word' id='word_1_187' title='bbox 1440 1655 1514 1681; x_wconf 91' lang='lat' dir='ltr'>nec</span> <span class='ocrx_word' id='word_1_188' title='bbox 1533 1650 1578 1680; x_wconf 94' lang='lat' dir='ltr'>ut</span> <span class='ocrx_word' id='word_1_189' title='bbox 1612 1640 1667 1680; x_wconf 68' lang='lat' dir='ltr'>in⁴</span> 
     </span>
     <span class='ocr_line' id='line_1_30' title="bbox 343 1699 1658 1756; baseline 0.001 -19"><span class='ocrx_word' id='word_1_190' title='bbox 343 1699 472 1739; x_wconf 88' lang='lat' dir='ltr'>aciem</span> <span class='ocrx_word' id='word_1_191' title='bbox 493 1700 664 1739; x_wconf 85' lang='lat' dir='ltr'>exirent.</span> <span class='ocrx_word' id='word_1_192' title='bbox 699 1701 862 1740; x_wconf 86' lang='lat' dir='ltr'>tandem</span> <span class='ocrx_word' id='word_1_193' title='bbox 881 1715 964 1740; x_wconf 90' lang='lat' dir='ltr'>uno</span> <span class='ocrx_word' id='word_1_194' title='bbox 986 1702 1214 1756; x_wconf 89' lang='lat' dir='ltr'>eodemque</span> <span class='ocrx_word' id='word_1_195' title='bbox 1236 1701 1301 1741; x_wconf 86' lang='lat' dir='ltr'>die</span> <span class='ocrx_word' id='word_1_196' title='bbox 1319 1701 1430 1740; x_wconf 88' lang='lat' dir='ltr'>velut</span> <span class='ocrx_word' id='word_1_197' title='bbox 1465 1713 1515 1740; x_wconf 85' lang='lat' dir='ltr'>ex</span> <span class='ocrx_word' id='word_1_198' title='bbox 1542 1713 1658 1740; x_wconf 90' lang='lat' dir='ltr'>com-</span> 
     </span>
     <span class='ocr_line' id='line_1_31' title="bbox 343 1757 1659 1823; baseline 0 -27"><span class='ocrx_word' id='word_1_199' title='bbox 343 1757 471 1810; x_wconf 78' lang='lat' dir='ltr'>posito</span> <span class='ocrx_word' id='word_1_200' title='bbox 495 1758 685 1823; x_wconf 80' lang='lat' dir='ltr'>utrinque</span> <span class='ocrx_word' id='word_1_201' title='bbox 701 1758 857 1813; x_wconf 86' lang='lat' dir='ltr'>lignum</span> <span class='ocrx_word' id='word_1_202' title='bbox 880 1773 1028 1814; x_wconf 77' lang='lat' dir='ltr'>pugnae</span> <span class='ocrx_word' id='word_1_203' title='bbox 1047 1759 1295 1813; x_wconf 80' lang='lat' dir='ltr'>propositum</span> <span class='ocrx_word' id='word_1_204' title='bbox 1317 1758 1393 1807; x_wconf 90' lang='lat' dir='ltr'>est,</span> <span class='ocrx_word' id='word_1_205' title='bbox 1425 1768 1546 1812; x_wconf 85' lang='lat' dir='ltr'>atque</span> <span class='ocrx_word' id='word_1_206' title='bbox 1568 1771 1659 1797; x_wconf 90' lang='lat' dir='ltr'>om-</span> 
     </span>
     <span class='ocr_line' id='line_1_32' title="bbox 346 1790 1658 1871; baseline 0.001 -18"><span class='ocrx_word' id='word_1_207' title='bbox 346 1814 466 1855; x_wconf 88' lang='lat' dir='ltr'>nibus</span> <span class='ocrx_word' id='word_1_208' title='bbox 488 1815 615 1869; x_wconf 86' lang='lat' dir='ltr'>copiis</span> <span class='ocrx_word' id='word_1_209' title='bbox 647 1816 689 1855; x_wconf 92' lang='lat' dir='ltr'>in</span> <span class='ocrx_word' id='word_1_210' title='bbox 725 1830 917 1870; x_wconf 87' lang='lat' dir='ltr'>campum</span> <span class='ocrx_word' id='word_1_211' title='bbox 955 1816 1203 1857; x_wconf 82' lang='lat' dir='ltr'>descensum</span> <span class='ocrx_word' id='word_1_212' title='bbox 1268 1820 1330 1871; x_wconf 86' lang='lat'>(1)</span> <span class='ocrx_word' id='word_1_213' title='bbox 1349 1790 1519 1870; x_wconf 87' lang='lat' dir='ltr'>Triplex</span> <span class='ocrx_word' id='word_1_214' title='bbox 1547 1815 1658 1855; x_wconf 85' lang='lat' dir='ltr'>stetit</span> 
     </span>
    </p>
   </div>
   <div class='ocr_carea' id='block_1_6' title="bbox 279 1872 1657 1929">
    <p class='ocr_par' dir='ltr' id='par_1_7' title="bbox 279 1872 1657 1929">
     <span class='ocr_line' id='line_1_33' title="bbox 279 1872 1657 1929; baseline 0.001 -18"><span class='ocrx_word' id='word_1_215' title='bbox 279 1898 293 1905; x_wconf 88' lang='lat'>-</span> <span class='ocrx_word' id='word_1_216' title='bbox 348 1872 538 1913; x_wconf 87' lang='lat' dir='ltr'>Romana</span> <span class='ocrx_word' id='word_1_217' title='bbox 560 1874 680 1914; x_wconf 86' lang='lat' dir='ltr'>acies.</span> <span class='ocrx_word' id='word_1_218' title='bbox 704 1875 870 1914; x_wconf 88' lang='lat' dir='ltr'>velitum</span> <span class='ocrx_word' id='word_1_219' title='bbox 894 1889 985 1929; x_wconf 87' lang='lat' dir='ltr'>pars</span> <span class='ocrx_word' id='word_1_220' title='bbox 1000 1885 1105 1914; x_wconf 90' lang='lat' dir='ltr'>mter</span> <span class='ocrx_word' id='word_1_221' title='bbox 1137 1879 1160 1928; x_wconf 77' lang='lat' dir='ltr'>ss</span> <span class='ocrx_word' id='word_1_222' title='bbox 1197 1876 1478 1929; x_wconf 79' lang='lat' dir='ltr'>antesignanos</span> <span class='ocrx_word' id='word_1_223' title='bbox 1509 1875 1657 1922; x_wconf 85' lang='lat' dir='ltr'>locata,</span> 
     </span>
    </p>
   </div>
   <div class='ocr_carea' id='block_1_7' title="bbox 345 1931 1658 2205">
    <p class='ocr_par' dir='ltr' id='par_1_8' title="bbox 345 1931 1658 2162">
     <span class='ocr_line' id='line_1_34' title="bbox 347 1931 1658 1986; baseline 0.002 -17"><span class='ocrx_word' id='word_1_224' title='bbox 347 1945 438 1984; x_wconf 90' lang='lat' dir='ltr'>pars</span> <span class='ocrx_word' id='word_1_225' title='bbox 451 1931 538 1984; x_wconf 88' lang='lat' dir='ltr'>post</span> <span class='ocrx_word' id='word_1_226' title='bbox 561 1932 668 1986; x_wconf 82' lang='lat' dir='ltr'>ligna</span> <span class='ocrx_word' id='word_1_227' title='bbox 689 1933 1043 1986; x_wconf 83' lang='lat' dir='ltr'>accepta,equites</span> <span class='ocrx_word' id='word_1_228' title='bbox 1058 1947 1211 1973; x_wconf 89' lang='lat' dir='ltr'>cornua</span> <span class='ocrx_word' id='word_1_229' title='bbox 1234 1933 1411 1973; x_wconf 88' lang='lat' dir='ltr'>cinxere.</span> <span class='ocrx_word' id='word_1_230' title='bbox 1472 1931 1658 1972; x_wconf 80' lang='lat' dir='ltr'>Hasdru-</span> 
     </span>
     <span class='ocr_line' id='line_1_35' title="bbox 348 1990 1656 2044; baseline 0.001 -17"><span class='ocrx_word' id='word_1_231' title='bbox 348 1990 409 2028; x_wconf 78' lang='lat' dir='ltr'>bal</span> <span class='ocrx_word' id='word_1_232' title='bbox 428 1990 604 2029; x_wconf 79' lang='lat' dir='ltr'>mediam</span> <span class='ocrx_word' id='word_1_233' title='bbox 627 1991 754 2031; x_wconf 83' lang='lat' dir='ltr'>aciem</span> <span class='ocrx_word' id='word_1_234' title='bbox 781 1990 972 2044; x_wconf 83' lang='lat' dir='ltr'>Hispanis</span> <span class='ocrx_word' id='word_1_235' title='bbox 994 1990 1129 2031; x_wconf 84' lang='lat' dir='ltr'>firmat</span> <span class='ocrx_word' id='word_1_236' title='bbox 1152 2007 1160 2031; x_wconf 90' lang='lat'>:</span> <span class='ocrx_word' id='word_1_237' title='bbox 1193 1992 1232 2030; x_wconf 91' lang='lat' dir='ltr'>in</span> <span class='ocrx_word' id='word_1_238' title='bbox 1269 1990 1476 2038; x_wconf 84' lang='lat' dir='ltr'>cornibus,</span> <span class='ocrx_word' id='word_1_239' title='bbox 1512 1990 1656 2029; x_wconf 81' lang='lat' dir='ltr'>dextro</span> 
     </span>
     <span class='ocr_line' id='line_1_36' title="bbox 346 2047 1658 2102; baseline 0.001 -16"><span class='ocrx_word' id='word_1_240' title='bbox 346 2047 499 2087; x_wconf 83' lang='lat' dir='ltr'>Poenos</span> <span class='ocrx_word' id='word_1_241' title='bbox 545 2048 666 2095; x_wconf 86' lang='lat' dir='ltr'>locat,</span> <span class='ocrx_word' id='word_1_242' title='bbox 728 2050 829 2088; x_wconf 76' lang='lat' dir='ltr'>laevo</span> <span class='ocrx_word' id='word_1_243' title='bbox 892 2050 1018 2089; x_wconf 67' lang='lat' dir='ltr'>Atros</span> <span class='ocrx_word' id='word_1_244' title='bbox 1070 2049 1497 2102; x_wconf 84' lang='lat' dir='ltr'>mercenariorumque</span> <span class='ocrx_word' id='word_1_245' title='bbox 1541 2047 1658 2087; x_wconf 90' lang='lat' dir='ltr'>auxi-</span> 
     </span>
     <span class='ocr_line' id='line_1_37' title="bbox 345 2104 1657 2164; baseline 0.001 -20"><span class='ocrx_word' id='word_1_246' title='bbox 345 2104 430 2145; x_wconf 85' lang='lat' dir='ltr'>lia:</span> <span class='ocrx_word' id='word_1_247' title='bbox 461 2109 521 2160; x_wconf 88' lang='lat'>(2)</span> <span class='ocrx_word' id='word_1_248' title='bbox 542 2106 727 2161; x_wconf 86' lang='lat' dir='ltr'>equitum</span> <span class='ocrx_word' id='word_1_249' title='bbox 750 2106 954 2148; x_wconf 86' lang='lat' dir='ltr'>Numidas</span> <span class='ocrx_word' id='word_1_250' title='bbox 987 2109 1211 2148; x_wconf 74' lang='lat' dir='ltr'>Poenorum</span> <span class='ocrx_word' id='word_1_251' title='bbox 1244 2107 1464 2164; x_wconf 86' lang='lat' dir='ltr'>peditibus,</span> <span class='ocrx_word' id='word_1_252' title='bbox 1497 2110 1657 2147; x_wconf 72' lang='lat' dir='ltr'>ceteros</span> 
     </span>
    </p>

    <p class='ocr_par' dir='ltr' id='par_1_9' title="bbox 1538 2162 1656 2205">
     <span class='ocr_line' id='line_1_38' title="bbox 1538 2162 1656 2205; baseline -0.008 0"><span class='ocrx_word' id='word_1_253' title='bbox 1538 2162 1656 2205; x_wconf 87' lang='lat' dir='ltr'>Afris</span> 
     </span>
    </p>
   </div>
   <div class='ocr_carea' id='block_1_8' title="bbox 346 2279 1657 2415">
    <p class='ocr_par' dir='ltr' id='par_1_10' title="bbox 346 2279 1657 2415">
     <span class='ocr_line' id='line_1_39' title="bbox 346 2279 1657 2325; baseline 0 -15"><span class='ocrx_word' id='word_1_254' title='bbox 346 2280 406 2311; x_wconf 48' lang='lat' dir='ltr'>lwoc</span> <span class='ocrx_word' id='word_1_255' title='bbox 433 2284 647 2324; x_wconf 60' lang='lat' dir='ltr'>cap.jve:uttlas</span> <span class='ocrx_word' id='word_1_256' title='bbox 663 2285 787 2324; x_wconf 57' lang='lat' dir='ltr'>cm&#39;grre.</span> <span class='ocrx_word' id='word_1_257' title='bbox 814 2281 899 2313; x_wconf 48' lang='lat' dir='ltr'>infra</span> <span class='ocrx_word' id='word_1_258' title='bbox 920 2283 942 2313; x_wconf 92' lang='lat' dir='ltr'>l.</span> <span class='ocrx_word' id='word_1_259' title='bbox 971 2293 1023 2322; x_wconf 70' lang='lat'>43.</span> <span class='ocrx_word' id='word_1_260' title='bbox 1046 2295 1072 2315; x_wconf 80' lang='lat' dir='ltr'>c.</span> <span class='ocrx_word' id='word_1_261' title='bbox 1098 2292 1129 2314; x_wconf 88' lang='lat'>2.</span> <span class='ocrx_word' id='word_1_262' title='bbox 1149 2285 1283 2325; x_wconf 73' lang='lat' dir='ltr'>pecunias</span> <span class='ocrx_word' id='word_1_263' title='bbox 1298 2296 1397 2324; x_wconf 71' lang='lat' dir='ltr'>cogere.</span> <span class='ocrx_word' id='word_1_264' title='bbox 1443 2282 1501 2322; x_wconf 82' lang='lat'>(4)</span> <span class='ocrx_word' id='word_1_265' title='bbox 1523 2280 1574 2312; x_wconf 70' lang='lat' dir='ltr'>Sic</span> <span class='ocrx_word' id='word_1_266' title='bbox 1605 2279 1657 2311; x_wconf 84' lang='lat' dir='ltr'>su·</span> 
     </span>
     <span class='ocr_line' id='line_1_40' title="bbox 348 2325 1656 2371; baseline 0.002 -15"><span class='ocrx_word' id='word_1_267' title='bbox 348 2330 404 2366; x_wconf 61' lang='lat' dir='ltr'>prk</span> <span class='ocrx_word' id='word_1_268' title='bbox 423 2326 444 2356; x_wconf 89' lang='lat' dir='ltr'>l.</span> <span class='ocrx_word' id='word_1_269' title='bbox 476 2336 505 2357; x_wconf 88' lang='lat'>2.</span> <span class='ocrx_word' id='word_1_270' title='bbox 529 2338 557 2357; x_wconf 89' lang='lat' dir='ltr'>c.</span> <span class='ocrx_word' id='word_1_271' title='bbox 588 2337 639 2358; x_wconf 78' lang='lat'>11.</span> <span class='ocrx_word' id='word_1_272' title='bbox 654 2328 838 2369; x_wconf 62' lang='lat' dir='ltr'>ſstlg&#39;squetlle</span> <span class='ocrx_word' id='word_1_273' title='bbox 854 2336 913 2358; x_wconf 73' lang='lat' dir='ltr'>tam</span> <span class='ocrx_word' id='word_1_274' title='bbox 931 2330 1013 2370; x_wconf 55' lang='lat' dir='ltr'>istinc:</span> <span class='ocrx_word' id='word_1_275' title='bbox 1040 2332 1168 2371; x_wconf 68' lang='lat' dir='ltr'>vagandi</span> <span class='ocrx_word' id='word_1_276' title='bbox 1196 2330 1326 2360; x_wconf 67' lang='lat' dir='ltr'>Etr-ustis</span> <span class='ocrx_word' id='word_1_277' title='bbox 1341 2331 1423 2369; x_wconf 70' lang='lat' dir='ltr'>fuit.</span> <span class='ocrx_word' id='word_1_278' title='bbox 1450 2328 1469 2359; x_wconf 83' lang='lat' dir='ltr'>l.</span> <span class='ocrx_word' id='word_1_279' title='bbox 1495 2335 1526 2366; x_wconf 87' lang='grc'>3.</span> <span class='ocrx_word' id='word_1_280' title='bbox 1553 2336 1570 2356; x_wconf 84' lang='lat' dir='ltr'>C</span> <span class='ocrx_word' id='word_1_281' title='bbox 1602 2325 1656 2365; x_wconf 79' lang='lat'>36·</span> 
     </span>
     <span class='ocr_line' id='line_1_41' title="bbox 346 2371 1543 2415; baseline 0.002 -15"><span class='ocrx_word' id='word_1_282' title='bbox 346 2371 479 2413; x_wconf 65' lang='lat' dir='ltr'>l-lcfim&#39;s</span> <span class='ocrx_word' id='word_1_283' title='bbox 493 2375 589 2414; x_wconf 71' lang='lat' dir='ltr'>Appio</span> <span class='ocrx_word' id='word_1_284' title='bbox 605 2374 707 2403; x_wconf 71' lang='lat' dir='ltr'>alimae</span> <span class='ocrx_word' id='word_1_285' title='bbox 722 2375 1066 2415; x_wconf 59' lang='lat' dir='ltr'>petsfhnaefircndaefiaeit.</span> <span class='ocrx_word' id='word_1_286' title='bbox 1115 2374 1171 2415; x_wconf 76' lang='lat'>(5)</span> <span class='ocrx_word' id='word_1_287' title='bbox 1185 2376 1246 2405; x_wconf 79' lang='lat' dir='ltr'>Pro</span> <span class='ocrx_word' id='word_1_288' title='bbox 1264 2372 1318 2405; x_wconf 58' lang='lat' dir='ltr'>hic</span> <span class='ocrx_word' id='word_1_289' title='bbox 1336 2373 1379 2405; x_wconf 86' lang='lat' dir='ltr'>cst</span> <span class='ocrx_word' id='word_1_290' title='bbox 1390 2376 1466 2410; x_wconf 77' lang='lat' dir='ltr'>vice,</span> <span class='ocrx_word' id='word_1_291' title='bbox 1478 2375 1543 2403; x_wconf 81' lang='lat' dir='ltr'>loco.</span> 
     </span>
    </p>
   </div>
   <div class='ocr_carea' id='block_1_9' title="bbox 342 2432 1658 2826">
    <p class='ocr_par' dir='ltr' id='par_1_11' title="bbox 342 2432 1658 2791">
     <span class='ocr_line' id='line_1_42' title="bbox 393 2432 1655 2478; baseline 0.001 -13"><span class='ocrx_word' id='word_1_292' title='bbox 393 2436 429 2464; x_wconf 95' lang='lat' dir='ltr'>C</span> <span class='ocrx_word' id='word_1_293' title='bbox 458 2443 510 2474; x_wconf 85' lang='lat'>29.</span> <span class='ocrx_word' id='word_1_294' title='bbox 559 2434 615 2473; x_wconf 83' lang='grc' dir='ltr'>(ι)</span> <span class='ocrx_word' id='word_1_295' title='bbox 633 2434 782 2476; x_wconf 81' lang='lat' dir='ltr'>Nempc&#39;</span> <span class='ocrx_word' id='word_1_296' title='bbox 776 2445 809 2465; x_wconf 82' lang='lat' dir='ltr'>in</span> <span class='ocrx_word' id='word_1_297' title='bbox 826 2435 976 2473; x_wconf 81' lang='lat' dir='ltr'>hastatos,</span> <span class='ocrx_word' id='word_1_298' title='bbox 992 2436 1169 2478; x_wconf 80' lang='lat' dir='ltr'>principes,</span> <span class='ocrx_word' id='word_1_299' title='bbox 1179 2436 1309 2467; x_wconf 83' lang='lat' dir='ltr'>triarios</span> <span class='ocrx_word' id='word_1_300' title='bbox 1327 2435 1509 2468; x_wconf 79' lang='lat' dir='ltr'>distributa.</span> <span class='ocrx_word' id='word_1_301' title='bbox 1558 2435 1586 2464; x_wconf 90' lang='grc' dir='ltr'>Ι</span> <span class='ocrx_word' id='word_1_302' title='bbox 1587 2432 1655 2466; x_wconf 81' lang='lat' dir='ltr'>evis</span> 
     </span>
     <span class='ocr_line' id='line_1_43' title="bbox 347 2478 1655 2523; baseline 0.002 -16"><span class='ocrx_word' id='word_1_303' title='bbox 347 2487 518 2509; x_wconf 71' lang='lat' dir='ltr'>annatim-,c</span> <span class='ocrx_word' id='word_1_304' title='bbox 533 2479 650 2510; x_wconf 80' lang='lat' dir='ltr'>milites</span> <span class='ocrx_word' id='word_1_305' title='bbox 668 2479 786 2521; x_wconf 83' lang='lat' dir='ltr'>partim</span> <span class='ocrx_word' id='word_1_306' title='bbox 804 2480 890 2511; x_wconf 75' lang='lat' dir='ltr'>intel</span> <span class='ocrx_word' id='word_1_307' title='bbox 903 2481 1127 2523; x_wconf 65' lang='lat' dir='ltr'>antesignanos</span> <span class='ocrx_word' id='word_1_308' title='bbox 1140 2481 1296 2523; x_wconf 71' lang='lat' dir='ltr'>dispositi,</span> <span class='ocrx_word' id='word_1_309' title='bbox 1313 2481 1433 2523; x_wconf 86' lang='lat' dir='ltr'>partim</span> <span class='ocrx_word' id='word_1_310' title='bbox 1457 2480 1490 2512; x_wconf 89' lang='lat' dir='ltr'>in</span> <span class='ocrx_word' id='word_1_311' title='bbox 1505 2478 1655 2511; x_wconf 88' lang='lat' dir='ltr'>ultimam</span> 
     </span>
     <span class='ocr_line' id='line_1_44' title="bbox 346 2522 1657 2568; baseline 0.002 -15"><span class='ocrx_word' id='word_1_312' title='bbox 346 2522 447 2554; x_wconf 71' lang='lat' dir='ltr'>aciem</span> <span class='ocrx_word' id='word_1_313' title='bbox 466 2524 587 2567; x_wconf 52' lang='lat' dir='ltr'>injecti.</span> <span class='ocrx_word' id='word_1_314' title='bbox 616 2525 738 2556; x_wconf 70' lang='lat' dir='ltr'>insi-al.</span> <span class='ocrx_word' id='word_1_315' title='bbox 755 2535 810 2565; x_wconf 75' lang='lat'>30.</span> <span class='ocrx_word' id='word_1_316' title='bbox 827 2537 853 2556; x_wconf 92' lang='lat' dir='ltr'>c.</span> <span class='ocrx_word' id='word_1_317' title='bbox 876 2535 930 2564; x_wconf 78' lang='lat'>33</span> <span class='ocrx_word' id='word_1_318' title='bbox 950 2529 1015 2556; x_wconf 83' lang='lat' dir='ltr'>vias</span> <span class='ocrx_word' id='word_1_319' title='bbox 1036 2534 1163 2568; x_wconf 74' lang='lat' dir='ltr'>pttentes</span> <span class='ocrx_word' id='word_1_320' title='bbox 1188 2530 1239 2557; x_wconf 74' lang='lat' dir='ltr'>inre</span> <span class='ocrx_word' id='word_1_321' title='bbox 1239 2540 1261 2556; x_wconf 88' lang='lat' dir='ltr'><em>r</em></span> <span class='ocrx_word' id='word_1_322' title='bbox 1280 2529 1437 2567; x_wconf 72' lang='lat' dir='ltr'>manipulos</span> <span class='ocrx_word' id='word_1_323' title='bbox 1465 2525 1552 2568; x_wconf 63' lang='lat' dir='ltr'>antffi</span> <span class='ocrx_word' id='word_1_324' title='bbox 1571 2537 1657 2554; x_wconf 78' lang='lat' dir='ltr'>nano-</span> 
     </span>
     <span class='ocr_line' id='line_1_45' title="bbox 345 2568 1658 2621; baseline 0.003 -25"><span class='ocrx_word' id='word_1_325' title='bbox 345 2581 405 2597; x_wconf 75' lang='lat' dir='ltr'>rum</span> <span class='ocrx_word' id='word_1_326' title='bbox 422 2581 450 2597; x_wconf 65' lang='lat' dir='ltr'>v&lt;</span> <span class='ocrx_word' id='word_1_327' title='bbox 451 2570 549 2599; x_wconf 78' lang='lat' dir='ltr'>[nibus</span> <span class='ocrx_word' id='word_1_328' title='bbox 564 2573 722 2612; x_wconf 69' lang='grc' dir='ltr'><strong><em>-οιπρΙενίι,</em></strong></span> <span class='ocrx_word' id='word_1_329' title='bbox 771 2571 827 2611; x_wconf 91' lang='lat'>(2)</span> <span class='ocrx_word' id='word_1_330' title='bbox 843 2571 925 2621; x_wconf 81' lang='lat' dir='ltr'>Qae</span> <span class='ocrx_word' id='word_1_331' title='bbox 937 2571 1087 2613; x_wconf 65' lang='lat' dir='ltr'>praecelse</span> <span class='ocrx_word' id='word_1_332' title='bbox 1090 2583 1124 2603; x_wconf 86' lang='lat' dir='ltr'>re</span> <span class='ocrx_word' id='word_1_333' title='bbox 1136 2571 1301 2612; x_wconf 85' lang='lat' dir='ltr'>pertinent</span> <span class='ocrx_word' id='word_1_334' title='bbox 1315 2571 1356 2602; x_wconf 87' lang='lat' dir='ltr'>ad</span> <span class='ocrx_word' id='word_1_335' title='bbox 1370 2570 1508 2613; x_wconf 84' lang='lat' dir='ltr'>pedites.</span> <span class='ocrx_word' id='word_1_336' title='bbox 1553 2568 1658 2610; x_wconf 87' lang='lat' dir='ltr'>Equi-</span> 
     </span>
     <span class='ocr_line' id='line_1_46' title="bbox 345 2614 1655 2658; baseline 0.002 -16"><span class='ocrx_word' id='word_1_337' title='bbox 345 2619 450 2643; x_wconf 73' lang='lat' dir='ltr'>tatum</span> <span class='ocrx_word' id='word_1_338' title='bbox 469 2623 529 2654; x_wconf 84' lang='lat' dir='ltr'>pro</span> <span class='ocrx_word' id='word_1_339' title='bbox 545 2614 700 2646; x_wconf 84' lang='lat' dir='ltr'>cornibus</span> <span class='ocrx_word' id='word_1_340' title='bbox 714 2616 855 2647; x_wconf 86' lang='lat' dir='ltr'>locatum</span> <span class='ocrx_word' id='word_1_341' title='bbox 874 2617 919 2647; x_wconf 80' lang='lat' dir='ltr'>ita</span> <span class='ocrx_word' id='word_1_342' title='bbox 934 2615 1066 2654; x_wconf 86' lang='lat' dir='ltr'>dividit,</span> <span class='ocrx_word' id='word_1_343' title='bbox 1081 2624 1116 2648; x_wconf 90' lang='lat' dir='ltr'>ut</span> <span class='ocrx_word' id='word_1_344' title='bbox 1135 2615 1294 2647; x_wconf 87' lang='lat' dir='ltr'>Numidas</span> <span class='ocrx_word' id='word_1_345' title='bbox 1305 2616 1459 2658; x_wconf 85' lang='lat' dir='ltr'>adjungat</span> <span class='ocrx_word' id='word_1_346' title='bbox 1478 2617 1655 2646; x_wconf 87' lang='lat' dir='ltr'>Poenorum</span> 
     </span>
     <span class='ocr_line' id='line_1_47' title="bbox 345 2657 1655 2702; baseline 0.002 -14"><span class='ocrx_word' id='word_1_347' title='bbox 345 2657 521 2697; x_wconf 65' lang='lat' dir='ltr'>peditibus</span> <span class='ocrx_word' id='word_1_348' title='bbox 536 2666 660 2690; x_wconf 66' lang='lat' dir='ltr'>ceteros</span> <span class='ocrx_word' id='word_1_349' title='bbox 678 2659 782 2692; x_wconf 76' lang='lat' dir='ltr'>Afris.</span> <span class='ocrx_word' id='word_1_350' title='bbox 832 2662 970 2702; x_wconf 74' lang='lat' dir='ltr'>Equitum</span> <span class='ocrx_word' id='word_1_351' title='bbox 990 2659 1044 2692; x_wconf 76' lang='lat' dir='ltr'>hic</span> <span class='ocrx_word' id='word_1_352' title='bbox 1057 2661 1212 2702; x_wconf 68' lang='lat' dir='ltr'>partitive</span> <span class='ocrx_word' id='word_1_353' title='bbox 1230 2660 1380 2698; x_wconf 85' lang='lat' dir='ltr'>sumitur,</span> <span class='ocrx_word' id='word_1_354' title='bbox 1395 2659 1484 2701; x_wconf 84' lang='lat' dir='ltr'>quali</span> <span class='ocrx_word' id='word_1_355' title='bbox 1501 2673 1535 2691; x_wconf 80' lang='lat' dir='ltr'>ex</span> <span class='ocrx_word' id='word_1_356' title='bbox 1551 2660 1655 2702; x_wconf 78' lang='lat' dir='ltr'>equiti-</span> 
     </span>
     <span class='ocr_line' id='line_1_48' title="bbox 342 2702 1654 2748; baseline 0.001 -16"><span class='ocrx_word' id='word_1_357' title='bbox 342 2715 365 2731; x_wconf 94' lang='grc' dir='ltr'>ι.</span> <span class='ocrx_word' id='word_1_358' title='bbox 368 2716 400 2732; x_wconf 84' lang='lat' dir='ltr'>..s</span> <span class='ocrx_word' id='word_1_359' title='bbox 457 2702 659 2744; x_wconf 70' lang='lat' dir='ltr'>[Ceterum1</span> <span class='ocrx_word' id='word_1_360' title='bbox 652 2712 732 2746; x_wconf 63' lang='lat'>‘1⁰⁸7&#39;</span> <span class='ocrx_word' id='word_1_361' title='bbox 718 2708 757 2736; x_wconf 97' lang='grc' dir='ltr'>ιι</span> <span class='ocrx_word' id='word_1_362' title='bbox 783 2705 859 2736; x_wconf 68' lang='lat' dir='ltr'>dedi</span> <span class='ocrx_word' id='word_1_363' title='bbox 879 2716 955 2736; x_wconf 87' lang='lat' dir='ltr'>eum</span> <span class='ocrx_word' id='word_1_364' title='bbox 973 2705 1154 2741; x_wconf 72' lang='lat' dir='ltr'>Crevit-rio,</span> <span class='ocrx_word' id='word_1_365' title='bbox 1177 2706 1306 2737; x_wconf 87' lang='lat' dir='ltr'>duobus</span> <span class='ocrx_word' id='word_1_366' title='bbox 1335 2704 1586 2748; x_wconf 78' lang='lat' dir='ltr'>suffragantibus</span> <span class='ocrx_word' id='word_1_367' title='bbox 1599 2714 1654 2735; x_wconf 86' lang='lat' dir='ltr'>co-</span> 
     </span>
     <span class='ocr_line' id='line_1_49' title="bbox 342 2746 1653 2791; baseline 0.003 -15"><span class='ocrx_word' id='word_1_368' title='bbox 342 2746 555 2789; x_wconf 65' lang='lat' dir='ltr'>dxtib115‚pr‹›</span> <span class='ocrx_word' id='word_1_369' title='bbox 569 2756 692 2791; x_wconf 70' lang='grc' dir='ltr'><strong><em>[[ιοιιι</em></strong></span> <span class='ocrx_word' id='word_1_370' title='bbox 706 2751 796 2791; x_wconf 84' lang='lat' dir='ltr'>quod</span> <span class='ocrx_word' id='word_1_371' title='bbox 815 2750 1005 2783; x_wconf 78' lang='lat' dir='ltr'>Gronovius</span> <span class='ocrx_word' id='word_1_372' title='bbox 1031 2750 1367 2783; x_wconf 78' lang='lat' dir='ltr'>&amp;Drakenborchius</span> <span class='ocrx_word' id='word_1_373' title='bbox 1380 2751 1421 2782; x_wconf 86' lang='lat' dir='ltr'>ad</span> <span class='ocrx_word' id='word_1_374' title='bbox 1438 2750 1527 2783; x_wconf 86' lang='lat' dir='ltr'>hunc</span> <span class='ocrx_word' id='word_1_375' title='bbox 1545 2749 1653 2781; x_wconf 89' lang='lat' dir='ltr'>locum</span> 
     </span>
    </p>

    <p class='ocr_par' dir='ltr' id='par_1_12' title="bbox 1496 2801 1647 2826">
     <span class='ocr_line' id='line_1_50' title="bbox 1496 2801 1647 2826; baseline 0 0"><span class='ocrx_word' id='word_1_376' title='bbox 1496 2801 1647 2826; x_wconf 78' lang='lat' dir='ltr'>tuentur.</span> 
     </span>
    </p>
   </div>
  </div>
 </body>
</html>
