1834 3099
403 198 635 245 LIBER
679 201 822 244 XXV.
884 203 1042 245 CAP.
1089 203 1178 245 IX..

137 319 313 369 monuit,
345 320 409 361 via
447 336 590 362 omnes
626 321 732 361 irent
753 337 771 371 ς.
798 333 875 361 nec
914 319 1058 360 diverti
1083 334 1351 374 quemquam,
1383 326 1455 362 aut

136 380 331 419 excedere
350 380 538 420 ordinem
560 380 732 435 agminis
747 390 1000 434 paterentur,
1026 382 1064 420 δε
1081 380 1121 418 in
1144 380 1284 433 primis
1307 380 1455 420 intenti

137 437 188 476 ad
210 437 379 491 imperia
401 439 636 493 accipienda
657 438 781 478 effent
803 455 815 487 ;
848 452 928 478 neu
950 437 1049 491 quid
1074 438 1143 477 nisi
1173 437 1327 478 ducum
1344 439 1453 493 juffu

137 493 320 536 facerent
345 512 353 536 :
385 497 422 538 se
446 498 487 536 in
509 508 691 551 tempore
722 497 947 547 editurum,
979 510 1072 550 quae
1094 497 1214 536 vellet
1234 496 1313 551 agi.
1374 497 1454 537 Ea-

135 553 232 593 dem
273 554 403 595 ferme
435 555 535 595 hora
568 556 799 595 Tarentum
831 555 943 595 fama
964 564 1217 609 pervenerat,
1247 554 1454 596 Numidas

136 611 296 665 equites
332 628 486 668 paucos
507 614 694 668 populari
716 619 852 670 agros}
881 624 1160 667 terroremque
1188 612 1456 668 lateagresti-

138 668 215 712 bus
247 671 435 727 injeciffe.
501 673 570 712 Ad
593 678 599 686 ”
624 685 748 726 quern
794 672 993 712 nuncium
1030 672 1132 712 nihil
1175 671 1280 712 ultra
1316 681 1455 712 motus

136 728 360 783 praefee'tus
400 732 631 781 Romanus,
663 731 788 784 quam
830 741 876 771 ut
897 740 1054 785 partem
1075 730 1263 784 equitum
1294 730 1456 784 postero

137 787 203 827 die
232 789 323 829 luce
350 790 480 843 prima
496 789 511 845 j
527 789 657 829 iberet
678 790 787 830 exire
809 791 859 830 ad
877 790 1100 829 arcendum
1121 788 1456 844 populationibus

137 844 311 888 hostem.
343 848 386 887 in
425 858 559 889 cetera
580 845 683 888 adeo
713 848 816 888 nihil
837 847 889 888 ob
912 849 951 888 id
989 851 1051 903 (4)
1084 848 1240 888 intenta
1261 862 1360 887 cura
1379 847 1456 899 est,

138 914 186 943 ut
216 905 359 946 contra
381 921 455 960 pro
472 917 714 962 argumento
735 906 860 947 fuerit
881 907 948 947 illa
978 906 1228 961 procursatio
1250 906 1458 946 Numida-

137 976 250 1015 rum,
281 964 560 1005 Hannibalem
605 965 914 1019 exercitumque
956 965 1092 1006 castris
1146 979 1230 1005 non
1275 964 1452 1004 moviffe.

139 1020 351 1062 Hannibal
371 1026 433 1078 (5)
459 1023 660 1064 concubia
692 1024 814 1065 nodie
837 1024 965 1064 movit
986 1026 1063 1080 (6).
1087 1024 1169 1064 dux
1192 1023 1457 1064 Philemenus

139 1089 240 1130 erat,
272 1095 368 1121 cum
391 1082 506 1123 solito
529 1093 658 1137 captae
674 1083 900 1123 venationis
922 1096 1058 1123 onere.
1083 1081 1208 1122 ceteri
1229 1082 1458 1136 proditores

139 1152 204 1190 ea,
257 1154 349 1194 quae
393 1141 614 1195 composita
653 1151 784 1192 erant,
834 1141 1136 1196 exspec‘tabant.
1200 1140 1459 1180 Convenerat

141 1207 296 1248 autem,
349 1209 394 1239 ut
443 1199 720 1250 Philemenus,
779 1201 940 1254 portula
1012 1200 1159 1240 affuetii
1199 1199 1459 1239 venationem

141 1258 205 1311 (7)
237 1256 432 1307 inferens,
465 1270 642 1300 armatos
674 1259 913 1299 induceret:
945 1269 1058 1312 parte
1076 1258 1152 1298 alia
1186 1267 1346 1311 portam
1375 1257 1461 1297 Te-

140 1315 306 1356 menida
322 1317 450 1357 adiret
466 1317 688 1358 Hannibal.
736 1317 794 1357 Ea
811 1317 1106 1357 mediterranea
1121 1317 1286 1371 regione
1305 1318 1366 1371 (8)
1380 1315 1462 1355 ori-

141 1385 279 1414 entem
302 1374 522 1429 speCmbat.
558 1380 623 1430 (9)
643 1375 898 1430 aliquantum
919 1376 1024 1415 intra
1060 1376 1215 1415 moenia
1241 1374 1462 1414 includun-

139 1440 219 1473 tur.
285 1433 428 1492 Qum
450 1443 578 1488 portae
615 1435 976 1489 appropinquaret,
1008 1434 1144 1474 editus
1161 1447 1211 1473 ex
1232 1433 1459 1487 composito

137 1491 246 1546 ignis
277 1491 327 1533 ab
356 1492 591 1533 Hannibale
632 1493 704 1541 est,
736 1492 986 1546 refulsitque.
1020 1492 1130 1532 idem
1166 1492 1372 1532 redditum
1408 1491 1459 1532 ab

139 1550 303 1591 Nicone
319 1550 476 1607 fignum
497 1567 506 1592 :
537 1550 748 1591 exstinetae
764 1551 911 1591 deinde
931 1550 1123 1604 utrinque
1146 1549 1322 1590 flammae
1352 1549 1458 1590 sunt.

140 1607 349 1650 Hannibal
367 1609 521 1650 silentio
538 1610 713 1651 ducebat
727 1611 777 1650 ad
794 1620 968 1664 portam.
1030 1609 1139 1649 Nico
1156 1623 1206 1649 ex
1240 1608 1459 1663 improviso

140 1669 308 1710 adortus
322 1668 472 1723 sopitos
489 1668 629 1724 vigiles
650 1669 692 1708 in
709 1668 912 1710 cubilibus
930 1668 1009 1708 suis
1027 1667 1258 1717 obtruncat,
1280 1677 1463 1722 portam·

141 1741 223 1781 que
244 1727 385 1782 aperit.
446 1727 656 1768 Hannibal
692 1742 788 1768 cum
823 1727 1010 1782 peditum
1033 1727 1195 1782 agmine
1218 1726 1461 1782 ingreditur,
1483 1759 1644 1791 Tarentum

142 1785 300 1840 equites
322 1785 528 1827 subfistere
553 1786 671 1842 jubet
693 1802 700 1826 :
734 1796 795 1835 ut,
829 1783 912 1840 quo
935 1800 998 1826 res
1020 1785 1211 1839 postulet,
1245 1799 1460 1826 occurrere
1478 1807 1635 1849 Qum„

141 1844 270 1885 libero
291 1859 437 1899 campo
453 1845 621 1900 possent.
685 1845 738 1885 Et
757 1844 1024 1886 Philemenus
1041 1844 1215 1898 portulae
1235 1854 1349 1898 parte
1367 1844 1461 1894 alia,
1480 1849 1642 1884 Hannibal.

201 1903 269 1944 To
279 1917 328 1945 M.
350 1904 426 1944 III.
817 1903 859 1944 X
920 1934 923 1937 -
1383 1902 1464 1958 qua

145 2040 182 2072 is
196 2038 330 2072 videtur
347 2041 522 2080 ssemmcr'ato.
568 2043 748 2073 Nuntiamus
765 2051 803 2073 ea
819 2041 887 2072 fere
905 2050 979 2082 quae
1001 2039 1154 2078 vidimus,
1177 2038 1374 2076 audivimus,
1407 2045 1467 2070 aut

146 2085 280 2118 aliunde
292 2085 352 2127 ipsi
367 2085 553 2118 didicimus.
601 2089 792 2118 Enunciamus
809 2097 913 2128 quum
930 2093 1039 2117 cetera
1056 2096 1187 2122 arcana,
1212 2093 1284 2117 tum
1301 2083 1466 2126 praecipue

145 2131 246 2163 animi
263 2130 365 2163 nostri
381 2131 524 2163 consilia.
570 2133 712 2164 Plancus
730 2132 821 2174 apud
841 2131 912 2163 Cic.
942 2132 964 2164 l.
997 2141 1047 2164 10.
1076 2133 1118 2162 ad
1136 2132 1224 2162 Fam·
1246 2132 1306 2172 Ep.
1325 2130 1358 2162 8.
1408 2131 1467 2172 Op-

143 2181 225 2209 timae
252 2176 350 2208 meniis
375 2180 570 2219 cogitata-jam
594 2180 708 2219 pridem
735 2185 846 2208 maturo
869 2184 990 2219 tempore
1019 2179 1177 2209 enunciare.
1221 2177 1416 2207 Pronuntiare
1431 2175 1467 2206 in

147 2222 243 2254 fimili
257 2233 291 2254 re
309 2221 413 2263 utitur
441 2222 556 2253 Livius
572 2222 660 2254 infra
676 2223 696 2254 l.
711 2232 763 2261 27.
779 2233 805 2253 c.
823 2231 875 2262 43.
919 2224 977 2264 (4)
1001 2223 1106 2265 Supra
1123 2222 1146 2254 l.
1167 2231 1199 2261 5.
1216 2232 1245 2253 c.
1273 2221 1301 2252 8.
1323 2223 1385 2251 dum
1400 2228 1469 2252 cura

145 2271 266 2300 omnium
283 2270 312 2299 in
325 2270 358 2299 V
355 2270 426 2310 cjens
436 2269 536 2299 bellum
549 2271 655 2299 intenta
670 2263 721 2308 est.¹
745 2268 834 2299 111er
851 2278 878 2299 c.
898 2277 950 2300 22.
998 2268 1071 2298 Haec
1091 2270 1184 2298 omnia
1201 2266 1379 2309 intentf’ſjz‘mft'
1400 2264 1470 2297 cura

148 2320 226 2346 ε’ἑῗα.
251 2314 283 2344 δε
312 2313 392 2355 saepe
424 2312 512 2344 alibi.
560 2313 616 2354 (5)
641 2314 817 2350 Cana-rhium,
839 2312 904 2344 five
931 2314 1061 2343 concubia
1087 2326 1156 2350 nox,
1177 2311 1221 2342 est
1246 2311 1330 2343 illud
1361 2311 1470 2343 noCtis

149 2367 291 2402 tempus,
312 2369 418 2400 quum
433 2358 576 2400 primum
592 2369 705 2390 omnes
720 2359 787 2390 fere
798 2358 907 2390 cubile
921 2368 958 2388 ac
971 2358 1104 2389 somnus
1121 2357 1231 2388 habet.
1242 2364 1382 2398 κνεφατος
1399 2359 1470 2401 Sagen

148 2417 285 2446 γενομενε
300 2404 383 2435 dixit
400 2404 557 2447 Polybius
586 2404 607 2434 1.
627 2404 659 2436 8.
677 2414 703 2435 c.
738 2413 791 2435 21.
817 2404 906 2434 unde
929 2410 1035 2434 totam
1061 2404 1145 2434 hanc
1172 2402 1399 2434 narrationem
1414 2404 1471 2434 de-

147 2449 283 2493 sumpsit
305 2449 434 2481 Livius.
479 2449 536 2491 (6)
562 2451 689 2480 Movere
717 2448 800 2490 saepe
816 2449 966 2480 absolute
982 2447 1120 2494 ponitur
1145 2457 1209 2490 pro
1224 2447 1320 2487 castra
1346 2460 1469 2481 movere.

147 2495 198 2528 Sic
213 2495 303 2528 infra
320 2495 342 2527 l..
364 2496 415 2535 38.
441 2506 470 2527 c.
507 2505 563 2533 41.
614 2494 731 2535 Postero
757 2497 812 2532 die,
828 2495 915 2537 prius
936 2495 1083 2536 explorato
1098 2494 1195 2535 saltu,
1217 2494 1300 2534 qutim
1315 2500 1472 2531 moverent,

143 2543 291 2586 primisse
304 2545 476 2584 conjungunt.
521 2543 578 2582 (7)
600 2540 632 2572 h.
651 2551 679 2573 e.
695 2541 842 2583 praedam
857 2540 1010 2571 venando
1037 2547 1180 2581 captam.
1207 2538 1295 2569 infra
1309 2538 1334 2570 1.
1363 2548 1381 2579 3
1385 2549 1417 2579 5.
1441 2549 1472 2570 c.

150 2596 207 2628 49.
257 2589 356 2632 Qum
381 2590 563 2624 miraremur,
583 2589 654 2617 unde
679 2588 728 2618 illi
749 2599 777 2617 eo
793 2592 915 2628 tempore
936 2588 1006 2620 anni
1017 2591 1076 2615 tam
1097 2586 1185 2615 multa
1203 2585 1243 2616 (5⁴
1264 2587 1357 2616 varia
1381 2597 1472 2615 vena-

149 2636 200 2664 tio·
245 2633 302 2674 (8)
325 2633 358 2664 h.
383 2644 413 2665 e.
432 2632 473 2664 ab
494 2632 550 2663 5113
568 2639 663 2674 parte
683 2632 788 2669 urbi5‚
808 2641 879 2672 quae
895 2629 1034 2662 obversa
1058 2639 1129 2662 erat
1147 2629 1334 2665 continenti
1359 2629 1473 2667 ltaliae,

153 2687 222 2710 non
238 2689 311 2721 quae
327 2679 370 2711 ad
385 2689 476 2711 mare
493 2678 661 2721 vergebat.
706 2679 760 2721 (9)
784 2678 894 2709 Locus
918 2675 1010 2709 haud
1025 2675 1124 2709 dubie
1138 2675 1329 2718 corruptus.
1373 2675 1474 2751 Pgly-

1420 2731 1472 2752 ius
