<?xml version="1.0" encoding="UTF-8"?>
<!DOCTYPE html PUBLIC "-//W3C//DTD XHTML 1.0 Transitional//EN"
    "http://www.w3.org/TR/xhtml1/DTD/xhtml1-transitional.dtd">
<html xmlns="http://www.w3.org/1999/xhtml" xml:lang="en" lang="en">
 <head>
  <title>
</title>
<meta http-equiv="Content-Type" content="text/html;charset=utf-8" />
  <meta name='ocr-system' content='tesseract 3.04.00' />
  <meta name='ocr-capabilities' content='ocr_page ocr_carea ocr_par ocr_line ocrx_word'/>
</head>
<body>
  <div class='ocr_page' id='page_1' title='image "./historiaeromanae02livyuoft_0528.png"; bbox 0 0 1834 3099; ppageno 0'>
   <div class='ocr_carea' id='block_1_1' title="bbox 199 1371 391 1551">
    <p class='ocr_par' dir='ltr' id='par_1_1' title="bbox 199 1371 391 1551">
     <span class='ocr_line' id='line_1_1' title="bbox 206 1371 385 1403; baseline -0.017 0"><span class='ocrx_word' id='word_1_1' title='bbox 206 1372 291 1403; x_wconf 73' lang='lat' dir='ltr'>Suri</span> <span class='ocrx_word' id='word_1_2' title='bbox 311 1371 385 1401; x_wconf 73' lang='lat' dir='ltr'>cium</span> 
     </span>
     <span class='ocr_line' id='line_1_2' title="bbox 207 1418 391 1460; baseline 0 -13"><span class='ocrx_word' id='word_1_3' title='bbox 207 1419 319 1460; x_wconf 81' lang='lat' dir='ltr'>Junoni</span> <span class='ocrx_word' id='word_1_4' title='bbox 335 1418 391 1447; x_wconf 77' lang='lat' dir='ltr'>Re-</span> 
     </span>
     <span class='ocr_line' id='line_1_3' title="bbox 202 1464 358 1505; baseline 0.013 -14"><span class='ocrx_word' id='word_1_5' title='bbox 202 1466 291 1505; x_wconf 71' lang='lat' dir='ltr'>gina,</span> <span class='ocrx_word' id='word_1_6' title='bbox 321 1464 358 1495; x_wconf 57' lang='grc' dir='ltr'>ω’</span> 
     </span>
     <span class='ocr_line' id='line_1_4' title="bbox 199 1515 316 1551; baseline 0.009 -13"><span class='ocrx_word' id='word_1_7' title='bbox 199 1515 316 1551; x_wconf 74' lang='lat' dir='ltr'>pompa.</span> 
     </span>
    </p>
   </div>
   <div class='ocr_carea' id='block_1_2' title="bbox 939 117 1228 162">
    <p class='ocr_par' dir='ltr' id='par_1_2' title="bbox 939 117 1228 162">
     <span class='ocr_line' id='line_1_5' title="bbox 939 117 1228 162; baseline -0.014 0"><span class='ocrx_word' id='word_1_8' title='bbox 939 120 992 162; x_wconf 91' lang='lat' dir='ltr'>T.</span> <span class='ocrx_word' id='word_1_9' title='bbox 1037 117 1228 161; x_wconf 87' lang='lat' dir='ltr'>L1V11</span> 
     </span>
    </p>
   </div>
   <div class='ocr_carea' id='block_1_3' title="bbox 428 228 1759 2050">
    <p class='ocr_par' dir='ltr' id='par_1_3' title="bbox 428 228 1759 2050">
     <span class='ocr_line' id='line_1_6' title="bbox 441 228 1757 297; baseline -0.01 -15"><span class='ocrx_word' id='word_1_10' title='bbox 441 240 593 297; x_wconf 81' lang='lat' dir='ltr'>ligione</span> <span class='ocrx_word' id='word_1_11' title='bbox 630 247 787 280; x_wconf 82' lang='lat' dir='ltr'>mentes</span> <span class='ocrx_word' id='word_1_12' title='bbox 808 236 984 278; x_wconf 87' lang='lat' dir='ltr'>turbavit</span> <span class='ocrx_word' id='word_1_13' title='bbox 1005 236 1140 277; x_wconf 83' lang='lat' dir='ltr'>rursus</span> <span class='ocrx_word' id='word_1_14' title='bbox 1162 232 1402 275; x_wconf 88' lang='lat' dir='ltr'>nunciatum</span> <span class='ocrx_word' id='word_1_15' title='bbox 1425 234 1503 286; x_wconf 78' lang='lat'>(4),</span> <span class='ocrx_word' id='word_1_16' title='bbox 1534 228 1757 271; x_wconf 78' lang='lat' dir='ltr'>Frusinone</span> 
     </span>
     <span class='ocr_line' id='line_1_7' title="bbox 442 288 1755 350; baseline -0.009 -10"><span class='ocrx_word' id='word_1_17' title='bbox 442 299 643 341; x_wconf 86' lang='lat' dir='ltr'>infantem</span> <span class='ocrx_word' id='word_1_18' title='bbox 666 308 808 338; x_wconf 88' lang='lat' dir='ltr'>natum</span> <span class='ocrx_word' id='word_1_19' title='bbox 831 297 906 337; x_wconf 89' lang='lat' dir='ltr'>esse</span> <span class='ocrx_word' id='word_1_20' title='bbox 929 295 1145 350; x_wconf 82' lang='lat' dir='ltr'>quadrimo</span> <span class='ocrx_word' id='word_1_21' title='bbox 1167 306 1303 348; x_wconf 81' lang='lat' dir='ltr'>parem</span> <span class='ocrx_word' id='word_1_22' title='bbox 1322 307 1330 332; x_wconf 80' lang='lat' dir='ltr'><strong><em>z</em></strong></span> <span class='ocrx_word' id='word_1_23' title='bbox 1364 305 1437 331; x_wconf 91' lang='lat' dir='ltr'>nec</span> <span class='ocrx_word' id='word_1_24' title='bbox 1471 288 1755 344; x_wconf 84' lang='lat' dir='ltr'>magnitudine</span> 
     </span>
     <span class='ocr_line' id='line_1_8' title="bbox 443 346 1754 410; baseline -0.009 -12"><span class='ocrx_word' id='word_1_25' title='bbox 443 368 526 399; x_wconf 87' lang='lat' dir='ltr'>tam</span> <span class='ocrx_word' id='word_1_26' title='bbox 549 357 797 405; x_wconf 84' lang='lat' dir='ltr'>mirandum,</span> <span class='ocrx_word' id='word_1_27' title='bbox 830 354 953 410; x_wconf 61' lang='lat' dir='ltr'>quam</span> <span class='ocrx_word' id='word_1_28' title='bbox 971 354 1084 408; x_wconf 77' lang='lat' dir='ltr'>quod</span> <span class='ocrx_word' id='word_1_29' title='bbox 1104 353 1135 393; x_wconf 85' lang='lat' dir='ltr'>is</span> <span class='ocrx_word' id='word_1_30' title='bbox 1154 364 1336 406; x_wconf 86' lang='lat' dir='ltr'>quoque,</span> <span class='ocrx_word' id='word_1_31' title='bbox 1370 361 1414 390; x_wconf 89' lang='lat' dir='ltr'>ut</span> <span class='ocrx_word' id='word_1_32' title='bbox 1432 348 1625 389; x_wconf 82' lang='lat' dir='ltr'>Sinueffae</span> <span class='ocrx_word' id='word_1_33' title='bbox 1641 346 1754 388; x_wconf 88' lang='lat' dir='ltr'>bien-</span> 
     </span>
     <span class='ocr_line' id='line_1_9' title="bbox 442 408 1753 468; baseline -0.01 -11"><span class='ocrx_word' id='word_1_34' title='bbox 442 417 512 457; x_wconf 86' lang='lat' dir='ltr'>nio</span> <span class='ocrx_word' id='word_1_35' title='bbox 546 415 657 467; x_wconf 75' lang='lat' dir='ltr'>ante,</span> <span class='ocrx_word' id='word_1_36' title='bbox 689 415 868 456; x_wconf 85' lang='lat' dir='ltr'>incertus</span> <span class='ocrx_word' id='word_1_37' title='bbox 898 417 973 468; x_wconf 81' lang='lat'>(5),</span> <span class='ocrx_word' id='word_1_38' title='bbox 1006 427 1090 453; x_wconf 83' lang='lat' dir='ltr'>mas</span> <span class='ocrx_word' id='word_1_39' title='bbox 1113 425 1164 450; x_wconf 83' lang='lat' dir='ltr'>an</span> <span class='ocrx_word' id='word_1_40' title='bbox 1196 408 1349 450; x_wconf 82' lang='lat' dir='ltr'>semina</span> <span class='ocrx_word' id='word_1_41' title='bbox 1371 408 1480 456; x_wconf 86' lang='lat' dir='ltr'>effet,</span> <span class='ocrx_word' id='word_1_42' title='bbox 1512 416 1631 448; x_wconf 84' lang='lat' dir='ltr'>natus</span> <span class='ocrx_word' id='word_1_43' title='bbox 1651 415 1753 446; x_wconf 81' lang='lat' dir='ltr'>erat.</span> 
     </span>
     <span class='ocr_line' id='line_1_10' title="bbox 441 466 1752 528; baseline -0.01 -12"><span class='ocrx_word' id='word_1_44' title='bbox 441 476 490 516; x_wconf 88' lang='lat' dir='ltr'>Id</span> <span class='ocrx_word' id='word_1_45' title='bbox 513 473 610 515; x_wconf 71' lang='lat' dir='ltr'>verb</span> <span class='ocrx_word' id='word_1_46' title='bbox 651 473 874 528; x_wconf 85' lang='lat' dir='ltr'>aruspices,</span> <span class='ocrx_word' id='word_1_47' title='bbox 904 487 953 512; x_wconf 79' lang='lat' dir='ltr'>ex</span> <span class='ocrx_word' id='word_1_48' title='bbox 989 469 1152 511; x_wconf 61' lang='lat' dir='ltr'>Etruria</span> <span class='ocrx_word' id='word_1_49' title='bbox 1193 467 1328 517; x_wconf 87' lang='lat' dir='ltr'>acciti,</span> <span class='ocrx_word' id='word_1_50' title='bbox 1371 466 1532 507; x_wconf 84' lang='lat' dir='ltr'>foedum</span> <span class='ocrx_word' id='word_1_51' title='bbox 1566 479 1612 505; x_wconf 84' lang='lat' dir='ltr'>ac</span> <span class='ocrx_word' id='word_1_52' title='bbox 1635 474 1752 518; x_wconf 89' lang='lat' dir='ltr'>turpe</span> 
     </span>
     <span class='ocr_line' id='line_1_11' title="bbox 440 524 1754 588; baseline -0.009 -14"><span class='ocrx_word' id='word_1_53' title='bbox 440 533 677 588; x_wconf 85' lang='lat' dir='ltr'>prodigium</span> <span class='ocrx_word' id='word_1_54' title='bbox 700 532 846 572; x_wconf 81' lang='lat' dir='ltr'>dicere.</span> <span class='ocrx_word' id='word_1_55' title='bbox 883 541 1086 571; x_wconf 83' lang='lat' dir='ltr'>extorrem</span> <span class='ocrx_word' id='word_1_56' title='bbox 1109 543 1206 584; x_wconf 76' lang='lat' dir='ltr'>agro</span> <span class='ocrx_word' id='word_1_57' title='bbox 1231 527 1438 574; x_wconf 87' lang='lat' dir='ltr'>Romano,</span> <span class='ocrx_word' id='word_1_58' title='bbox 1471 524 1614 579; x_wconf 89' lang='lat' dir='ltr'>procul</span> <span class='ocrx_word' id='word_1_59' title='bbox 1635 532 1754 563; x_wconf 80' lang='lat' dir='ltr'>terrae</span> 
     </span>
     <span class='ocr_line' id='line_1_12' title="bbox 441 581 1753 646; baseline -0.009 -13"><span class='ocrx_word' id='word_1_60' title='bbox 441 592 653 642; x_wconf 53' lang='lat' dir='ltr'>comaclu,</span> <span class='ocrx_word' id='word_1_61' title='bbox 685 592 767 631; x_wconf 86' lang='lat' dir='ltr'>alto</span> <span class='ocrx_word' id='word_1_62' title='bbox 784 590 1072 646; x_wconf 84' lang='lat' dir='ltr'>mergendum.</span> <span class='ocrx_word' id='word_1_63' title='bbox 1135 587 1289 627; x_wconf 87' lang='lat' dir='ltr'>Vivum</span> <span class='ocrx_word' id='word_1_64' title='bbox 1308 585 1348 625; x_wconf 90' lang='lat' dir='ltr'>in</span> <span class='ocrx_word' id='word_1_65' title='bbox 1367 597 1502 625; x_wconf 84' lang='lat' dir='ltr'>arcam</span> <span class='ocrx_word' id='word_1_66' title='bbox 1518 581 1753 631; x_wconf 85' lang='lat' dir='ltr'>condidere,</span> 
     </span>
     <span class='ocr_line' id='line_1_13' title="bbox 439 640 1753 706; baseline -0.008 -15"><span class='ocrx_word' id='word_1_67' title='bbox 439 650 765 706; x_wconf 70' lang='lat' dir='ltr'>proveEtumque</span> <span class='ocrx_word' id='word_1_68' title='bbox 807 650 849 689; x_wconf 90' lang='lat' dir='ltr'>in</span> <span class='ocrx_word' id='word_1_69' title='bbox 883 661 992 688; x_wconf 83' lang='lat' dir='ltr'>mare</span> <span class='ocrx_word' id='word_1_70' title='bbox 1029 646 1300 702; x_wconf 85' lang='lat' dir='ltr'>projecerunt.</span> <span class='ocrx_word' id='word_1_71' title='bbox 1376 643 1608 685; x_wconf 86' lang='lat' dir='ltr'>Decrevere</span> <span class='ocrx_word' id='word_1_72' title='bbox 1654 640 1753 681; x_wconf 89' lang='lat' dir='ltr'>item</span> 
     </span>
     <span class='ocr_line' id='line_1_14' title="bbox 440 700 1752 765; baseline -0.008 -16"><span class='ocrx_word' id='word_1_73' title='bbox 440 708 674 765; x_wconf 84' lang='lat' dir='ltr'>pontifices,</span> <span class='ocrx_word' id='word_1_74' title='bbox 708 719 753 748; x_wconf 90' lang='lat' dir='ltr'>ut</span> <span class='ocrx_word' id='word_1_75' title='bbox 781 707 957 764; x_wconf 84' lang='lat' dir='ltr'>virgines</span> <span class='ocrx_word' id='word_1_76' title='bbox 991 716 1051 745; x_wconf 83' lang='lat' dir='ltr'>ter</span> <span class='ocrx_word' id='word_1_77' title='bbox 1085 718 1269 752; x_wconf 60' lang='lat' dir='ltr'>novenae,</span> <span class='ocrx_word' id='word_1_78' title='bbox 1315 716 1385 757; x_wconf 91' lang='lat' dir='ltr'>per</span> <span class='ocrx_word' id='word_1_79' title='bbox 1418 700 1561 741; x_wconf 89' lang='lat' dir='ltr'>urbem</span> <span class='ocrx_word' id='word_1_80' title='bbox 1591 709 1752 748; x_wconf 84' lang='lat' dir='ltr'>euntes,</span> 
     </span>
     <span class='ocr_line' id='line_1_15' title="bbox 440 758 1753 818; baseline -0.007 -10"><span class='ocrx_word' id='word_1_81' title='bbox 440 781 605 808; x_wconf 89' lang='lat' dir='ltr'>carmen</span> <span class='ocrx_word' id='word_1_82' title='bbox 627 776 832 808; x_wconf 87' lang='lat' dir='ltr'>canerent.</span> <span class='ocrx_word' id='word_1_83' title='bbox 897 766 944 806; x_wconf 87' lang='lat' dir='ltr'>Id</span> <span class='ocrx_word' id='word_1_84' title='bbox 967 777 1095 818; x_wconf 87' lang='lat' dir='ltr'>quum</span> <span class='ocrx_word' id='word_1_85' title='bbox 1119 763 1159 802; x_wconf 87' lang='lat' dir='ltr'>in</span> <span class='ocrx_word' id='word_1_86' title='bbox 1189 763 1301 816; x_wconf 86' lang='lat' dir='ltr'>Jovis</span> <span class='ocrx_word' id='word_1_87' title='bbox 1324 760 1494 801; x_wconf 57' lang='lat' dir='ltr'>statoris</span> <span class='ocrx_word' id='word_1_88' title='bbox 1517 759 1602 800; x_wconf 80' lang='lat' dir='ltr'>aede</span> <span class='ocrx_word' id='word_1_89' title='bbox 1625 758 1753 800; x_wconf 86' lang='lat' dir='ltr'>disce-</span> 
     </span>
     <span class='ocr_line' id='line_1_16' title="bbox 439 817 1758 878; baseline -0.007 -12"><span class='ocrx_word' id='word_1_90' title='bbox 439 836 545 875; x_wconf 83' lang='lat' dir='ltr'>rent,</span> <span class='ocrx_word' id='word_1_91' title='bbox 577 825 790 866; x_wconf 89' lang='lat' dir='ltr'>conditum</span> <span class='ocrx_word' id='word_1_92' title='bbox 813 824 861 865; x_wconf 86' lang='lat' dir='ltr'>ab</span> <span class='ocrx_word' id='word_1_93' title='bbox 878 823 1062 878; x_wconf 83' lang='lat' dir='ltr'>(6)Livio</span> <span class='ocrx_word' id='word_1_94' title='bbox 1081 823 1216 876; x_wconf 76' lang='lat' dir='ltr'>poe&#39;tzi,</span> <span class='ocrx_word' id='word_1_95' title='bbox 1237 833 1422 870; x_wconf 83' lang='lat' dir='ltr'>carmen,</span> <span class='ocrx_word' id='word_1_96' title='bbox 1450 817 1559 859; x_wconf 61' lang='lat' dir='ltr'>taeta</span> <span class='ocrx_word' id='word_1_97' title='bbox 1576 819 1627 858; x_wconf 86' lang='lat' dir='ltr'>de</span> <span class='ocrx_word' id='word_1_98' title='bbox 1647 818 1758 859; x_wconf 88' lang='lat' dir='ltr'>coelo-</span> 
     </span>
     <span class='ocr_line' id='line_1_17' title="bbox 439 876 1751 937; baseline -0.007 -12"><span class='ocrx_word' id='word_1_99' title='bbox 439 885 546 925; x_wconf 79' lang='lat' dir='ltr'>aedes</span> <span class='ocrx_word' id='word_1_100' title='bbox 570 884 610 923; x_wconf 93' lang='lat' dir='ltr'>in</span> <span class='ocrx_word' id='word_1_101' title='bbox 636 884 842 924; x_wconf 89' lang='lat' dir='ltr'>Aventino</span> <span class='ocrx_word' id='word_1_102' title='bbox 863 881 1039 937; x_wconf 87' lang='lat' dir='ltr'>Junonis</span> <span class='ocrx_word' id='word_1_103' title='bbox 1075 880 1262 935; x_wconf 75' lang='lat' dir='ltr'>Reginae.</span> <span class='ocrx_word' id='word_1_104' title='bbox 1295 877 1611 934; x_wconf 78' lang='lat' dir='ltr'>prodigiumque</span> <span class='ocrx_word' id='word_1_105' title='bbox 1639 876 1677 917; x_wconf 84' lang='lat' dir='ltr'>id</span> <span class='ocrx_word' id='word_1_106' title='bbox 1700 877 1751 916; x_wconf 84' lang='lat' dir='ltr'>ad</span> 
     </span>
     <span class='ocr_line' id='line_1_18' title="bbox 439 936 1752 996; baseline -0.005 -13"><span class='ocrx_word' id='word_1_107' title='bbox 439 954 645 982; x_wconf 83' lang='lat' dir='ltr'>matronas</span> <span class='ocrx_word' id='word_1_108' title='bbox 661 942 881 996; x_wconf 88' lang='lat' dir='ltr'>pertinere,</span> <span class='ocrx_word' id='word_1_109' title='bbox 914 939 1115 993; x_wconf 83' lang='lat' dir='ltr'>aruspices</span> <span class='ocrx_word' id='word_1_110' title='bbox 1137 953 1265 992; x_wconf 87' lang='lat' dir='ltr'>quum</span> <span class='ocrx_word' id='word_1_111' title='bbox 1288 936 1591 992; x_wconf 76' lang='lat' dir='ltr'>respondissent,</span> <span class='ocrx_word' id='word_1_112' title='bbox 1623 936 1752 976; x_wconf 89' lang='lat' dir='ltr'>dono-</span> 
     </span>
     <span class='ocr_line' id='line_1_19' title="bbox 438 994 1751 1055; baseline -0.006 -14"><span class='ocrx_word' id='word_1_113' title='bbox 438 1015 518 1054; x_wconf 89' lang='lat' dir='ltr'>que</span> <span class='ocrx_word' id='word_1_114' title='bbox 541 1000 691 1041; x_wconf 83' lang='lat' dir='ltr'>Divam</span> <span class='ocrx_word' id='word_1_115' title='bbox 709 1001 950 1055; x_wconf 75' lang='lat' dir='ltr'>placandam</span> <span class='ocrx_word' id='word_1_116' title='bbox 971 998 1073 1046; x_wconf 76' lang='lat' dir='ltr'>esse3</span> <span class='ocrx_word' id='word_1_117' title='bbox 1107 997 1287 1038; x_wconf 79' lang='lat' dir='ltr'>aedilium</span> <span class='ocrx_word' id='word_1_118' title='bbox 1309 995 1513 1036; x_wconf 86' lang='lat' dir='ltr'>curulium</span> <span class='ocrx_word' id='word_1_119' title='bbox 1536 994 1674 1036; x_wconf 60' lang='lat' dir='ltr'>edicto</span> <span class='ocrx_word' id='word_1_120' title='bbox 1707 994 1751 1034; x_wconf 83' lang='lat' dir='ltr'>in</span> 
     </span>
     <span class='ocr_line' id='line_1_20' title="bbox 437 1054 1759 1114; baseline -0.005 -14"><span class='ocrx_word' id='word_1_121' title='bbox 437 1059 690 1114; x_wconf 82' lang='lat' dir='ltr'>Capitolium</span> <span class='ocrx_word' id='word_1_122' title='bbox 704 1068 953 1107; x_wconf 74' lang='lat' dir='ltr'>convocatae,</span> <span class='ocrx_word' id='word_1_123' title='bbox 986 1055 1135 1110; x_wconf 84' lang='lat' dir='ltr'>quibus</span> <span class='ocrx_word' id='word_1_124' title='bbox 1151 1055 1191 1095; x_wconf 91' lang='lat' dir='ltr'>in</span> <span class='ocrx_word' id='word_1_125' title='bbox 1213 1054 1310 1095; x_wconf 89' lang='lat' dir='ltr'>urbe</span> <span class='ocrx_word' id='word_1_126' title='bbox 1327 1055 1532 1103; x_wconf 65' lang='lat' dir='ltr'>Romana,</span> <span class='ocrx_word' id='word_1_127' title='bbox 1562 1054 1759 1107; x_wconf 58' lang='lat' dir='ltr'>intraque*</span> 
     </span>
     <span class='ocr_line' id='line_1_21' title="bbox 435 1113 1749 1172; baseline -0.004 -14"><span class='ocrx_word' id='word_1_128' title='bbox 435 1118 643 1159; x_wconf 88' lang='lat' dir='ltr'>decimum</span> <span class='ocrx_word' id='word_1_129' title='bbox 662 1117 838 1172; x_wconf 79' lang='lat' dir='ltr'>lapidem</span> <span class='ocrx_word' id='word_1_130' title='bbox 857 1116 907 1157; x_wconf 86' lang='lat' dir='ltr'>ab</span> <span class='ocrx_word' id='word_1_131' title='bbox 930 1115 1046 1166; x_wconf 88' lang='lat' dir='ltr'>urbe,</span> <span class='ocrx_word' id='word_1_132' title='bbox 1077 1113 1283 1155; x_wconf 84' lang='lat' dir='ltr'>domicilia</span> <span class='ocrx_word' id='word_1_133' title='bbox 1304 1113 1444 1164; x_wconf 76' lang='lat' dir='ltr'>essent,</span> <span class='ocrx_word' id='word_1_134' title='bbox 1477 1113 1570 1167; x_wconf 84' lang='lat' dir='ltr'>ipsae</span> <span class='ocrx_word' id='word_1_135' title='bbox 1587 1113 1692 1153; x_wconf 88' lang='lat' dir='ltr'>inter</span> <span class='ocrx_word' id='word_1_136' title='bbox 1711 1113 1749 1153; x_wconf 86' lang='lat' dir='ltr'>se</span> 
     </span>
     <span class='ocr_line' id='line_1_22' title="bbox 435 1171 1749 1231; baseline -0.003 -15"><span class='ocrx_word' id='word_1_137' title='bbox 435 1176 618 1231; x_wconf 88' lang='lat' dir='ltr'>quinque</span> <span class='ocrx_word' id='word_1_138' title='bbox 638 1179 674 1218; x_wconf 77' lang='grc' dir='ltr'>δι</span> <span class='ocrx_word' id='word_1_139' title='bbox 693 1175 836 1231; x_wconf 88' lang='lat' dir='ltr'>viginti</span> <span class='ocrx_word' id='word_1_140' title='bbox 851 1176 1108 1230; x_wconf 86' lang='lat' dir='ltr'>delegerunt,</span> <span class='ocrx_word' id='word_1_141' title='bbox 1139 1174 1190 1213; x_wconf 82' lang='lat' dir='ltr'>ad</span> <span class='ocrx_word' id='word_1_142' title='bbox 1213 1187 1312 1227; x_wconf 87' lang='lat' dir='ltr'>quas</span> <span class='ocrx_word' id='word_1_143' title='bbox 1327 1186 1373 1212; x_wconf 86' lang='lat' dir='ltr'>ex</span> <span class='ocrx_word' id='word_1_144' title='bbox 1392 1172 1554 1213; x_wconf 89' lang='lat' dir='ltr'>dotibus</span> <span class='ocrx_word' id='word_1_145' title='bbox 1567 1177 1592 1226; x_wconf 93' lang='lat'>†</span> <span class='ocrx_word' id='word_1_146' title='bbox 1605 1171 1749 1227; x_wconf 87' lang='lat' dir='ltr'>stipem</span> 
     </span>
     <span class='ocr_line' id='line_1_23' title="bbox 435 1229 1749 1287; baseline -0.002 -12"><span class='ocrx_word' id='word_1_147' title='bbox 435 1233 684 1277; x_wconf 84' lang='lat' dir='ltr'>conferrent.</span> <span class='ocrx_word' id='word_1_148' title='bbox 747 1235 849 1275; x_wconf 88' lang='lat' dir='ltr'>Inde</span> <span class='ocrx_word' id='word_1_149' title='bbox 881 1236 1038 1274; x_wconf 89' lang='lat' dir='ltr'>donum</span> <span class='ocrx_word' id='word_1_150' title='bbox 1069 1232 1195 1287; x_wconf 86' lang='lat' dir='ltr'>pelvis</span> <span class='ocrx_word' id='word_1_151' title='bbox 1217 1245 1338 1272; x_wconf 86' lang='lat' dir='ltr'>aurea</span> <span class='ocrx_word' id='word_1_152' title='bbox 1366 1229 1491 1281; x_wconf 63' lang='lat' dir='ltr'>facia,</span> <span class='ocrx_word' id='word_1_153' title='bbox 1523 1233 1685 1286; x_wconf 82' lang='lat' dir='ltr'>lataque</span> <span class='ocrx_word' id='word_1_154' title='bbox 1707 1232 1749 1272; x_wconf 86' lang='lat' dir='ltr'>in</span> 
     </span>
     <span class='ocr_line' id='line_1_24' title="bbox 435 1290 1748 1348; baseline -0.002 -14"><span class='ocrx_word' id='word_1_155' title='bbox 435 1294 707 1343; x_wconf 87' lang='lat' dir='ltr'>Aventinum,</span> <span class='ocrx_word' id='word_1_156' title='bbox 751 1293 935 1348; x_wconf 82' lang='lat' dir='ltr'>pure&#39;que</span> <span class='ocrx_word' id='word_1_157' title='bbox 973 1293 1013 1332; x_wconf 71' lang='lat' dir='ltr'>&amp;c</span> <span class='ocrx_word' id='word_1_158' title='bbox 1052 1290 1157 1332; x_wconf 71' lang='lat' dir='ltr'>caste</span> <span class='ocrx_word' id='word_1_159' title='bbox 1179 1306 1201 1330; x_wconf 87' lang='lat' dir='ltr'>a</span> <span class='ocrx_word' id='word_1_160' title='bbox 1230 1290 1428 1331; x_wconf 80' lang='lat' dir='ltr'>matronis</span> <span class='ocrx_word' id='word_1_161' title='bbox 1463 1290 1748 1332; x_wconf 80' lang='lat' dir='ltr'>sacrificatum.</span> 
     </span>
     <span class='ocr_line' id='line_1_25' title="bbox 434 1348 1749 1393; baseline -0.003 0"><span class='ocrx_word' id='word_1_162' title='bbox 434 1351 668 1393; x_wconf 87' lang='lat' dir='ltr'>Confestim</span> <span class='ocrx_word' id='word_1_163' title='bbox 704 1352 755 1392; x_wconf 84' lang='lat' dir='ltr'>ad</span> <span class='ocrx_word' id='word_1_164' title='bbox 791 1351 901 1392; x_wconf 88' lang='lat' dir='ltr'>aliud</span> <span class='ocrx_word' id='word_1_165' title='bbox 933 1349 1176 1390; x_wconf 83' lang='lat' dir='ltr'>sacrificium</span> <span class='ocrx_word' id='word_1_166' title='bbox 1205 1349 1340 1389; x_wconf 87' lang='lat' dir='ltr'>eidem</span> <span class='ocrx_word' id='word_1_167' title='bbox 1361 1348 1482 1390; x_wconf 85' lang='lat' dir='ltr'>Divae</span> <span class='ocrx_word' id='word_1_168' title='bbox 1503 1349 1553 1390; x_wconf 91' lang='lat' dir='ltr'>ab</span> <span class='ocrx_word' id='word_1_169' title='bbox 1583 1351 1749 1391; x_wconf 83' lang='lat' dir='ltr'>decem-</span> 
     </span>
     <span class='ocr_line' id='line_1_26' title="bbox 435 1407 1748 1465; baseline -0.002 -14"><span class='ocrx_word' id='word_1_170' title='bbox 435 1411 531 1452; x_wconf 87' lang='lat' dir='ltr'>viris</span> <span class='ocrx_word' id='word_1_171' title='bbox 552 1411 689 1451; x_wconf 63' lang='lat' dir='ltr'>edieia</span> <span class='ocrx_word' id='word_1_172' title='bbox 711 1410 812 1460; x_wconf 87' lang='lat' dir='ltr'>dies,</span> <span class='ocrx_word' id='word_1_173' title='bbox 845 1410 962 1465; x_wconf 88' lang='lat' dir='ltr'>cujus</span> <span class='ocrx_word' id='word_1_174' title='bbox 985 1409 1086 1448; x_wconf 91' lang='lat' dir='ltr'>ordo</span> <span class='ocrx_word' id='word_1_175' title='bbox 1108 1407 1198 1448; x_wconf 85' lang='lat' dir='ltr'>talis</span> <span class='ocrx_word' id='word_1_176' title='bbox 1221 1407 1324 1449; x_wconf 88' lang='lat' dir='ltr'>fuit:</span> <span class='ocrx_word' id='word_1_177' title='bbox 1356 1407 1405 1447; x_wconf 90' lang='lat' dir='ltr'>ab</span> <span class='ocrx_word' id='word_1_178' title='bbox 1432 1409 1518 1449; x_wconf 85' lang='lat' dir='ltr'>aede</span> <span class='ocrx_word' id='word_1_179' title='bbox 1544 1408 1748 1463; x_wconf 82' lang='lat' dir='ltr'>Apollinis</span> 
     </span>
     <span class='ocr_line' id='line_1_27' title="bbox 432 1466 1745 1521; baseline -0.001 -11"><span class='ocrx_word' id='word_1_180' title='bbox 432 1468 556 1510; x_wconf 87' lang='lat' dir='ltr'>boves</span> <span class='ocrx_word' id='word_1_181' title='bbox 577 1469 742 1510; x_wconf 79' lang='lat' dir='ltr'>feminae</span> <span class='ocrx_word' id='word_1_182' title='bbox 755 1468 854 1509; x_wconf 74' lang='lat' dir='ltr'>albce</span> <span class='ocrx_word' id='word_1_183' title='bbox 877 1471 968 1509; x_wconf 81' lang='lat' dir='ltr'>duae</span> <span class='ocrx_word' id='word_1_184' title='bbox 985 1467 1101 1521; x_wconf 59' lang='lat' dir='ltr'>port&amp;</span> <span class='ocrx_word' id='word_1_185' title='bbox 1115 1466 1365 1508; x_wconf 85' lang='lat' dir='ltr'>Carmentali</span> <span class='ocrx_word' id='word_1_186' title='bbox 1380 1466 1419 1506; x_wconf 90' lang='lat' dir='ltr'>in</span> <span class='ocrx_word' id='word_1_187' title='bbox 1437 1466 1580 1507; x_wconf 86' lang='lat' dir='ltr'>urbem</span> <span class='ocrx_word' id='word_1_188' title='bbox 1592 1468 1745 1509; x_wconf 62' lang='lat' dir='ltr'>duetae.</span> 
     </span>
     <span class='ocr_line' id='line_1_28' title="bbox 431 1525 1746 1583; baseline 0 -14"><span class='ocrx_word' id='word_1_189' title='bbox 431 1527 519 1583; x_wconf 91' lang='lat' dir='ltr'>post</span> <span class='ocrx_word' id='word_1_190' title='bbox 533 1542 600 1569; x_wconf 83' lang='lat' dir='ltr'>eas</span> <span class='ocrx_word' id='word_1_191' title='bbox 621 1529 704 1568; x_wconf 92' lang='lat' dir='ltr'>duo</span> <span class='ocrx_word' id='word_1_192' title='bbox 727 1527 834 1582; x_wconf 79' lang='lat' dir='ltr'>signa</span> <span class='ocrx_word' id='word_1_193' title='bbox 851 1526 1054 1581; x_wconf 73' lang='lat' dir='ltr'>cupressea</span> <span class='ocrx_word' id='word_1_194' title='bbox 1070 1525 1248 1578; x_wconf 84' lang='lat' dir='ltr'>Junonis</span> <span class='ocrx_word' id='word_1_195' title='bbox 1269 1525 1442 1581; x_wconf 86' lang='lat' dir='ltr'>Reginae</span> <span class='ocrx_word' id='word_1_196' title='bbox 1464 1526 1746 1580; x_wconf 70' lang='lat' dir='ltr'>portabantur.</span> 
     </span>
     <span class='ocr_line' id='line_1_29' title="bbox 432 1583 1746 1641; baseline 0.002 -15"><span class='ocrx_word' id='word_1_197' title='bbox 432 1597 521 1626; x_wconf 89' lang='lat' dir='ltr'>tum</span> <span class='ocrx_word' id='word_1_198' title='bbox 551 1586 704 1641; x_wconf 87' lang='lat' dir='ltr'>septem</span> <span class='ocrx_word' id='word_1_199' title='bbox 731 1588 768 1626; x_wconf 85' lang='lat'>&amp;</span> <span class='ocrx_word' id='word_1_200' title='bbox 791 1585 936 1641; x_wconf 88' lang='lat' dir='ltr'>viginti</span> <span class='ocrx_word' id='word_1_201' title='bbox 966 1583 1157 1639; x_wconf 84' lang='lat' dir='ltr'>virgines,</span> <span class='ocrx_word' id='word_1_202' title='bbox 1206 1585 1371 1639; x_wconf 79' lang='lat' dir='ltr'>longam</span> <span class='ocrx_word' id='word_1_203' title='bbox 1401 1584 1556 1626; x_wconf 87' lang='lat' dir='ltr'>indutae</span> <span class='ocrx_word' id='word_1_204' title='bbox 1577 1585 1746 1636; x_wconf 82' lang='lat' dir='ltr'>vestem,</span> 
     </span>
     <span class='ocr_line' id='line_1_30' title="bbox 431 1642 1744 1699; baseline 0.001 -14"><span class='ocrx_word' id='word_1_205' title='bbox 431 1658 598 1686; x_wconf 81' lang='lat' dir='ltr'>carmen</span> <span class='ocrx_word' id='word_1_206' title='bbox 616 1645 657 1684; x_wconf 90' lang='lat' dir='ltr'>in</span> <span class='ocrx_word' id='word_1_207' title='bbox 677 1645 886 1697; x_wconf 88' lang='lat' dir='ltr'>Junonem</span> <span class='ocrx_word' id='word_1_208' title='bbox 909 1643 1113 1699; x_wconf 81' lang='lat' dir='ltr'>Reginam</span> <span class='ocrx_word' id='word_1_209' title='bbox 1136 1654 1328 1684; x_wconf 84' lang='lat' dir='ltr'>canentes</span> <span class='ocrx_word' id='word_1_210' title='bbox 1364 1642 1505 1694; x_wconf 87' lang='lat' dir='ltr'>ibant;</span> <span class='ocrx_word' id='word_1_211' title='bbox 1538 1645 1605 1685; x_wconf 62' lang='lat' dir='ltr'>illa</span> <span class='ocrx_word' id='word_1_212' title='bbox 1641 1656 1744 1686; x_wconf 87' lang='lat' dir='ltr'>tern-</span> 
     </span>
     <span class='ocr_line' id='line_1_31' title="bbox 431 1701 1744 1759; baseline 0.001 -16"><span class='ocrx_word' id='word_1_213' title='bbox 431 1703 584 1759; x_wconf 87' lang='lat' dir='ltr'>pestate</span> <span class='ocrx_word' id='word_1_214' title='bbox 615 1702 779 1743; x_wconf 78' lang='lat' dir='ltr'>forsitan</span> <span class='ocrx_word' id='word_1_215' title='bbox 805 1702 1002 1742; x_wconf 81' lang='lat' dir='ltr'>laudabile</span> <span class='ocrx_word' id='word_1_216' title='bbox 1038 1701 1208 1741; x_wconf 85' lang='lat' dir='ltr'>rudibus</span> <span class='ocrx_word' id='word_1_217' title='bbox 1230 1701 1419 1757; x_wconf 84' lang='lat' dir='ltr'>ingeniis,</span> <span class='ocrx_word' id='word_1_218' title='bbox 1455 1717 1565 1744; x_wconf 90' lang='lat' dir='ltr'>nunc</span> <span class='ocrx_word' id='word_1_219' title='bbox 1598 1704 1744 1746; x_wconf 87' lang='lat' dir='ltr'>abhor-</span> 
     </span>
     <span class='ocr_line' id='line_1_32' title="bbox 430 1759 1744 1816; baseline -0.002 -14"><span class='ocrx_word' id='word_1_220' title='bbox 430 1775 523 1803; x_wconf 88' lang='lat' dir='ltr'>rens</span> <span class='ocrx_word' id='word_1_221' title='bbox 561 1763 599 1802; x_wconf 84' lang='lat'>&amp;</span> <span class='ocrx_word' id='word_1_222' title='bbox 637 1760 912 1812; x_wconf 87' lang='lat' dir='ltr'>inconditum,</span> <span class='ocrx_word' id='word_1_223' title='bbox 964 1761 989 1800; x_wconf 82' lang='lat' dir='ltr'>sl</span> <span class='ocrx_word' id='word_1_224' title='bbox 1019 1759 1232 1800; x_wconf 84' lang='lat' dir='ltr'>referatur.</span> <span class='ocrx_word' id='word_1_225' title='bbox 1297 1761 1518 1816; x_wconf 83' lang='lat' dir='ltr'>Virginum</span> <span class='ocrx_word' id='word_1_226' title='bbox 1555 1764 1744 1804; x_wconf 80' lang='lat' dir='ltr'>ordinem</span> 
     </span>
     <span class='ocr_line' id='line_1_33' title="bbox 429 1818 1744 1877; baseline 0.002 -17"><span class='ocrx_word' id='word_1_227' title='bbox 429 1819 701 1874; x_wconf 74' lang='lat' dir='ltr'>sequebantur</span> <span class='ocrx_word' id='word_1_228' title='bbox 740 1818 959 1859; x_wconf 86' lang='lat' dir='ltr'>decemviri</span> <span class='ocrx_word' id='word_1_229' title='bbox 991 1818 1173 1859; x_wconf 77' lang='lat' dir='ltr'>coronati</span> <span class='ocrx_word' id='word_1_230' title='bbox 1214 1819 1368 1870; x_wconf 61' lang='lat' dir='ltr'>laurea,</span> <span class='ocrx_word' id='word_1_231' title='bbox 1418 1822 1744 1877; x_wconf 58' lang='lat' dir='ltr'>praetextatique.</span> 
     </span>
     <span class='ocr_line' id='line_1_34' title="bbox 430 1875 1744 1935; baseline 0.003 -17"><span class='ocrx_word' id='word_1_232' title='bbox 430 1879 470 1918; x_wconf 81' lang='lat' dir='ltr'>A</span> <span class='ocrx_word' id='word_1_233' title='bbox 492 1879 608 1932; x_wconf 70' lang='lat' dir='ltr'>porta</span> <span class='ocrx_word' id='word_1_234' title='bbox 636 1877 806 1933; x_wconf 84' lang='lat' dir='ltr'>Jugario</span> <span class='ocrx_word' id='word_1_235' title='bbox 838 1878 927 1918; x_wconf 82' lang='lat' dir='ltr'>vico</span> <span class='ocrx_word' id='word_1_236' title='bbox 967 1877 1007 1916; x_wconf 90' lang='lat' dir='ltr'>in</span> <span class='ocrx_word' id='word_1_237' title='bbox 1039 1875 1175 1916; x_wconf 87' lang='lat' dir='ltr'>forum</span> <span class='ocrx_word' id='word_1_238' title='bbox 1205 1891 1364 1920; x_wconf 89' lang='lat' dir='ltr'>venere.</span> <span class='ocrx_word' id='word_1_239' title='bbox 1398 1878 1439 1917; x_wconf 94' lang='lat' dir='ltr'>in</span> <span class='ocrx_word' id='word_1_240' title='bbox 1470 1878 1563 1920; x_wconf 84' lang='lat' dir='ltr'>foro</span> <span class='ocrx_word' id='word_1_241' title='bbox 1592 1895 1744 1935; x_wconf 74' lang='lat' dir='ltr'>pompa</span> 
     </span>
     <span class='ocr_line' id='line_1_35' title="bbox 430 1935 1744 1992; baseline 0.004 -16"><span class='ocrx_word' id='word_1_242' title='bbox 430 1935 640 1985; x_wconf 83' lang='lat' dir='ltr'>constitit3</span> <span class='ocrx_word' id='word_1_243' title='bbox 677 1939 715 1978; x_wconf 63' lang='grc' dir='ltr'>ἃ·</span> <span class='ocrx_word' id='word_1_244' title='bbox 741 1949 812 1990; x_wconf 89' lang='lat' dir='ltr'>per</span> <span class='ocrx_word' id='word_1_245' title='bbox 846 1950 992 1976; x_wconf 85' lang='lat' dir='ltr'>manus</span> <span class='ocrx_word' id='word_1_246' title='bbox 1030 1938 1090 1988; x_wconf 89' lang='lat'>(7)</span> <span class='ocrx_word' id='word_1_247' title='bbox 1113 1935 1215 1975; x_wconf 85' lang='lat' dir='ltr'>reste</span> <span class='ocrx_word' id='word_1_248' title='bbox 1253 1936 1359 1985; x_wconf 65' lang='lat' dir='ltr'>data,</span> <span class='ocrx_word' id='word_1_249' title='bbox 1389 1937 1566 1992; x_wconf 84' lang='lat' dir='ltr'>virgines</span> <span class='ocrx_word' id='word_1_250' title='bbox 1597 1939 1744 1981; x_wconf 89' lang='lat' dir='ltr'>sonum</span> 
     </span>
     <span class='ocr_line' id='line_1_36' title="bbox 428 1993 1744 2050; baseline 0.004 -16"><span class='ocrx_word' id='word_1_251' title='bbox 428 1995 540 2036; x_wconf 75' lang='lat' dir='ltr'>vocis</span> <span class='ocrx_word' id='word_1_252' title='bbox 580 1993 698 2050; x_wconf 89' lang='lat' dir='ltr'>pulsu</span> <span class='ocrx_word' id='word_1_253' title='bbox 736 1995 890 2049; x_wconf 85' lang='lat' dir='ltr'>pedum</span> <span class='ocrx_word' id='word_1_254' title='bbox 926 1994 1184 2034; x_wconf 76' lang='lat' dir='ltr'>modulantes</span> <span class='ocrx_word' id='word_1_255' title='bbox 1225 1994 1479 2037; x_wconf 78' lang='lat' dir='ltr'>incesserunt.</span> <span class='ocrx_word' id='word_1_256' title='bbox 1518 1997 1612 2038; x_wconf 88' lang='lat' dir='ltr'>inde</span> <span class='ocrx_word' id='word_1_257' title='bbox 1652 1999 1744 2045; x_wconf 77' lang='lat' dir='ltr'>vico</span> 
     </span>
    </p>
   </div>
   <div class='ocr_carea' id='block_1_4' title="bbox 410 2109 1741 2564">
    <p class='ocr_par' dir='ltr' id='par_1_4' title="bbox 410 2109 1741 2564">
     <span class='ocr_line' id='line_1_37' title="bbox 427 2109 1741 2153; baseline 0.005 -11"><span class='ocrx_word' id='word_1_258' title='bbox 427 2112 659 2152; x_wconf 40' lang='lat' dir='ltr'>lfsd-ffrurnlocus,</span> <span class='ocrx_word' id='word_1_259' title='bbox 682 2111 715 2143; x_wconf 89' lang='lat' dir='ltr'>in</span> <span class='ocrx_word' id='word_1_260' title='bbox 729 2123 796 2153; x_wconf 84' lang='lat' dir='ltr'>quo</span> <span class='ocrx_word' id='word_1_261' title='bbox 817 2112 904 2144; x_wconf 83' lang='lat' dir='ltr'>sacra</span> <span class='ocrx_word' id='word_1_262' title='bbox 918 2118 988 2141; x_wconf 86' lang='lat' dir='ltr'>tum</span> <span class='ocrx_word' id='word_1_263' title='bbox 1007 2109 1140 2143; x_wconf 75' lang='lat' dir='ltr'>fiebant.</span> <span class='ocrx_word' id='word_1_264' title='bbox 1187 2113 1312 2143; x_wconf 63' lang='lat' dir='ltr'>Adtum</span> <span class='ocrx_word' id='word_1_265' title='bbox 1342 2113 1424 2145; x_wconf 87' lang='lat' dir='ltr'>illud</span> <span class='ocrx_word' id='word_1_266' title='bbox 1442 2114 1553 2146; x_wconf 81' lang='lat' dir='ltr'>festum</span> <span class='ocrx_word' id='word_1_267' title='bbox 1579 2127 1597 2146; x_wconf 89' lang='lat' dir='ltr'>a</span> <span class='ocrx_word' id='word_1_268' title='bbox 1616 2117 1658 2148; x_wconf 89' lang='lat' dir='ltr'>.d.</span> <span class='ocrx_word' id='word_1_269' title='bbox 1676 2116 1741 2149; x_wconf 81' lang='lat' dir='ltr'>xiv.</span> 
     </span>
     <span class='ocr_line' id='line_1_38' title="bbox 428 2156 1739 2204; baseline 0.003 -15"><span class='ocrx_word' id='word_1_270' title='bbox 428 2159 500 2190; x_wconf 74' lang='lat' dir='ltr'>Kal.</span> <span class='ocrx_word' id='word_1_271' title='bbox 520 2159 605 2189; x_wconf 86' lang='lat' dir='ltr'>Nov.</span> <span class='ocrx_word' id='word_1_272' title='bbox 653 2160 708 2198; x_wconf 74' lang='lat'>(4)</span> <span class='ocrx_word' id='word_1_273' title='bbox 736 2158 811 2188; x_wconf 86' lang='lat' dir='ltr'>Vid.</span> <span class='ocrx_word' id='word_1_274' title='bbox 832 2159 850 2197; x_wconf 85' lang='lat'>†</span> <span class='ocrx_word' id='word_1_275' title='bbox 869 2156 1042 2198; x_wconf 75' lang='lat' dir='ltr'>participia</span> <span class='ocrx_word' id='word_1_276' title='bbox 1065 2166 1182 2188; x_wconf 75' lang='lat' dir='ltr'>neutra</span> <span class='ocrx_word' id='word_1_277' title='bbox 1210 2169 1269 2200; x_wconf 85' lang='lat' dir='ltr'>pro</span> <span class='ocrx_word' id='word_1_278' title='bbox 1294 2158 1512 2192; x_wconf 79' lang='lat' dir='ltr'>substantivis.</span> <span class='ocrx_word' id='word_1_279' title='bbox 1561 2163 1645 2193; x_wconf 86' lang='lat' dir='ltr'>Mox</span> <span class='ocrx_word' id='word_1_280' title='bbox 1664 2176 1739 2204; x_wconf 83' lang='lat' dir='ltr'>qua-</span> 
     </span>
     <span class='ocr_line' id='line_1_39' title="bbox 424 2203 1739 2247; baseline 0.005 -13"><span class='ocrx_word' id='word_1_281' title='bbox 424 2207 524 2241; x_wconf 76' lang='lat' dir='ltr'>drimo,</span> <span class='ocrx_word' id='word_1_282' title='bbox 546 2211 582 2235; x_wconf 88' lang='lat' dir='ltr'>ut</span> <span class='ocrx_word' id='word_1_283' title='bbox 597 2216 702 2234; x_wconf 75' lang='lat' dir='ltr'>merum</span> <span class='ocrx_word' id='word_1_284' title='bbox 716 2206 894 2245; x_wconf 78' lang='lat' dir='ltr'>quadrimum</span> <span class='ocrx_word' id='word_1_285' title='bbox 911 2203 998 2242; x_wconf 73' lang='lat' dir='ltr'>apud</span> <span class='ocrx_word' id='word_1_286' title='bbox 1029 2204 1113 2234; x_wconf 76' lang='lat' dir='ltr'>Hor.</span> <span class='ocrx_word' id='word_1_287' title='bbox 1132 2203 1155 2233; x_wconf 88' lang='lat' dir='ltr'>l.</span> <span class='ocrx_word' id='word_1_288' title='bbox 1179 2213 1206 2235; x_wconf 85' lang='lat'>1.</span> <span class='ocrx_word' id='word_1_289' title='bbox 1227 2204 1290 2235; x_wconf 81' lang='lat' dir='ltr'>Od.</span> <span class='ocrx_word' id='word_1_290' title='bbox 1323 2214 1356 2246; x_wconf 88' lang='lat'>9.</span> <span class='ocrx_word' id='word_1_291' title='bbox 1376 2215 1408 2237; x_wconf 87' lang='lat' dir='ltr'>V.</span> <span class='ocrx_word' id='word_1_292' title='bbox 1430 2215 1457 2245; x_wconf 91' lang='lat'>7.</span> <span class='ocrx_word' id='word_1_293' title='bbox 1505 2207 1562 2247; x_wconf 87' lang='lat'>(5)</span> <span class='ocrx_word' id='word_1_294' title='bbox 1585 2208 1635 2238; x_wconf 81' lang='lat' dir='ltr'>Sic</span> <span class='ocrx_word' id='word_1_295' title='bbox 1652 2208 1739 2240; x_wconf 59' lang='lat' dir='ltr'>insti</span> 
     </span>
     <span class='ocr_line' id='line_1_40' title="bbox 427 2240 1738 2294; baseline 0.003 -14"><span class='ocrx_word' id='word_1_296' title='bbox 427 2250 450 2280; x_wconf 89' lang='lat' dir='ltr'>l.</span> <span class='ocrx_word' id='word_1_297' title='bbox 472 2259 527 2289; x_wconf 85' lang='lat'>31.</span> <span class='ocrx_word' id='word_1_298' title='bbox 546 2260 574 2280; x_wconf 82' lang='lat' dir='ltr'>c.</span> <span class='ocrx_word' id='word_1_299' title='bbox 597 2258 649 2280; x_wconf 86' lang='lat'>12-</span> <span class='ocrx_word' id='word_1_300' title='bbox 672 2252 791 2280; x_wconf 65' lang='lat' dir='ltr'>incertus</span> <span class='ocrx_word' id='word_1_301' title='bbox 808 2250 906 2288; x_wconf 72' lang='lat' dir='ltr'>infims</span> <span class='ocrx_word' id='word_1_302' title='bbox 929 2255 1024 2284; x_wconf 57' lang='lat' dir='ltr'>natus,</span> <span class='ocrx_word' id='word_1_303' title='bbox 1045 2250 1183 2289; x_wconf 52' lang='lat' dir='ltr'>madi-ulus</span> <span class='ocrx_word' id='word_1_304' title='bbox 1209 2252 1368 2290; x_wconf 74' lang='lat' dir='ltr'>anfemina</span> <span class='ocrx_word' id='word_1_305' title='bbox 1392 2251 1465 2294; x_wconf 65' lang='lat' dir='ltr'>effirt.</span> <span class='ocrx_word' id='word_1_306' title='bbox 1493 2240 1547 2283; x_wconf 46' lang='lat' dir='ltr'>ulai</span> <span class='ocrx_word' id='word_1_307' title='bbox 1566 2253 1663 2284; x_wconf 76' lang='lat' dir='ltr'>etiam</span> <span class='ocrx_word' id='word_1_308' title='bbox 1680 2254 1738 2284; x_wconf 82' lang='lat' dir='ltr'>Li·</span> 
     </span>
     <span class='ocr_line' id='line_1_41' title="bbox 425 2293 1737 2340; baseline 0.002 -14"><span class='ocrx_word' id='word_1_309' title='bbox 425 2295 497 2326; x_wconf 78' lang='lat' dir='ltr'>vius</span> <span class='ocrx_word' id='word_1_310' title='bbox 524 2293 614 2330; x_wconf 82' lang='lat' dir='ltr'>dicit,</span> <span class='ocrx_word' id='word_1_311' title='bbox 641 2297 717 2324; x_wconf 73' lang='lat' dir='ltr'>Ant:</span> <span class='ocrx_word' id='word_1_312' title='bbox 743 2297 830 2324; x_wconf 71' lang='lat' dir='ltr'>onmia</span> <span class='ocrx_word' id='word_1_313' title='bbox 850 2294 1002 2323; x_wconf 68' lang='lat' dir='ltr'>abominati</span> <span class='ocrx_word' id='word_1_314' title='bbox 1018 2294 1198 2333; x_wconf 76' lang='lat' dir='ltr'>semimares,</span> <span class='ocrx_word' id='word_1_315' title='bbox 1208 2297 1330 2336; x_wconf 58' lang='lat' dir='ltr'>jtgsp&#39;que</span> <span class='ocrx_word' id='word_1_316' title='bbox 1343 2299 1374 2326; x_wconf 82' lang='lat' dir='ltr'>in</span> <span class='ocrx_word' id='word_1_317' title='bbox 1392 2309 1474 2327; x_wconf 83' lang='lat' dir='ltr'>mare</span> <span class='ocrx_word' id='word_1_318' title='bbox 1489 2301 1622 2339; x_wconf 79' lang='lat' dir='ltr'>extemplo</span> <span class='ocrx_word' id='word_1_319' title='bbox 1637 2301 1737 2340; x_wconf 75' lang='lat' dir='ltr'>depor-</span> 
     </span>
     <span class='ocr_line' id='line_1_42' title="bbox 424 2339 1725 2381; baseline 0.003 -10"><span class='ocrx_word' id='word_1_320' title='bbox 424 2344 500 2374; x_wconf 50' lang='grc' dir='ltr'>ίαν-ιζ’</span> <span class='ocrx_word' id='word_1_321' title='bbox 528 2340 603 2370; x_wconf 88' lang='lat' dir='ltr'>licet</span> <span class='ocrx_word' id='word_1_322' title='bbox 620 2339 702 2370; x_wconf 80' lang='lat' dir='ltr'>alter</span> <span class='ocrx_word' id='word_1_323' title='bbox 718 2350 756 2370; x_wconf 84' lang='lat' dir='ltr'>cx</span> <span class='ocrx_word' id='word_1_324' title='bbox 773 2339 810 2369; x_wconf 79' lang='lat' dir='ltr'>iis</span> <span class='ocrx_word' id='word_1_325' title='bbox 823 2340 1038 2379; x_wconf 68' lang='lat' dir='ltr'>sexdecim-jam</span> <span class='ocrx_word' id='word_1_326' title='bbox 1055 2351 1191 2369; x_wconf 68' lang='lat' dir='ltr'>annorum</span> <span class='ocrx_word' id='word_1_327' title='bbox 1205 2341 1312 2371; x_wconf 80' lang='lat' dir='ltr'>fucrit.</span> <span class='ocrx_word' id='word_1_328' title='bbox 1351 2342 1408 2381; x_wconf 86' lang='lat'>(6)</span> <span class='ocrx_word' id='word_1_329' title='bbox 1421 2341 1519 2374; x_wconf 86' lang='lat' dir='ltr'>Livio</span> <span class='ocrx_word' id='word_1_330' title='bbox 1529 2343 1725 2375; x_wconf 77' lang='lat' dir='ltr'>Andronico</span> 
     </span>
     <span class='ocr_line' id='line_1_43' title="bbox 425 2369 1738 2428; baseline 0.002 -12"><span class='ocrx_word' id='word_1_331' title='bbox 425 2385 481 2426; x_wconf 83' lang='lat' dir='ltr'>qui</span> <span class='ocrx_word' id='word_1_332' title='bbox 502 2384 627 2426; x_wconf 88' lang='lat' dir='ltr'>primus</span> <span class='ocrx_word' id='word_1_333' title='bbox 656 2386 766 2415; x_wconf 59' lang='lat' dir='ltr'>Rome:</span> <span class='ocrx_word' id='word_1_334' title='bbox 798 2383 1244 2425; x_wconf 71' lang='lat' dir='ltr'>Comoedias&#39;l‘ragoediasque</span> <span class='ocrx_word' id='word_1_335' title='bbox 1268 2386 1414 2424; x_wconf 80' lang='lat' dir='ltr'>dederat,</span> <span class='ocrx_word' id='word_1_336' title='bbox 1438 2397 1574 2419; x_wconf 85' lang='lat' dir='ltr'>annon.</span> <span class='ocrx_word' id='word_1_337' title='bbox 1599 2400 1625 2419; x_wconf 92' lang='lat' dir='ltr'>c.</span> <span class='ocrx_word' id='word_1_338' title='bbox 1649 2369 1738 2428; x_wconf 39' lang='lat'>5¹2?</span> 
     </span>
     <span class='ocr_line' id='line_1_44' title="bbox 425 2429 1736 2470; baseline 0.005 -10"><span class='ocrx_word' id='word_1_339' title='bbox 425 2430 514 2461; x_wconf 64' lang='lat' dir='ltr'>lnfrai</span> <span class='ocrx_word' id='word_1_340' title='bbox 540 2430 561 2460; x_wconf 87' lang='lat' dir='ltr'>l.</span> <span class='ocrx_word' id='word_1_341' title='bbox 581 2439 616 2469; x_wconf 75' lang='lat'>31</span> <span class='ocrx_word' id='word_1_342' title='bbox 640 2439 678 2461; x_wconf 90' lang='lat' dir='ltr'>.c.</span> <span class='ocrx_word' id='word_1_343' title='bbox 713 2439 764 2462; x_wconf 86' lang='lat'>12.</span> <span class='ocrx_word' id='word_1_344' title='bbox 792 2429 1010 2470; x_wconf 43' lang='lat' dir='ltr'>comenda-ut</span> <span class='ocrx_word' id='word_1_345' title='bbox 1029 2436 1148 2470; x_wconf 65' lang='lat' dir='ltr'>patrum</span> <span class='ocrx_word' id='word_1_346' title='bbox 1176 2432 1310 2461; x_wconf 55' lang='lat' dir='ltr'>memorii?</span> <span class='ocrx_word' id='word_1_347' title='bbox 1334 2433 1451 2470; x_wconf 62' lang='lat' dir='ltr'>Livius,</span> <span class='ocrx_word' id='word_1_348' title='bbox 1473 2435 1515 2463; x_wconf 77' lang='lat' dir='ltr'>im</span> <span class='ocrx_word' id='word_1_349' title='bbox 1533 2442 1591 2463; x_wconf 74' lang='lat' dir='ltr'>tvm</span> <span class='ocrx_word' id='word_1_350' title='bbox 1617 2438 1736 2466; x_wconf 72' lang='lat' dir='ltr'>condidit</span> 
     </span>
     <span class='ocr_line' id='line_1_45' title="bbox 423 2473 1734 2519; baseline 0.005 -15"><span class='ocrx_word' id='word_1_351' title='bbox 423 2476 465 2507; x_wconf 74' lang='lat' dir='ltr'>P.</span> <span class='ocrx_word' id='word_1_352' title='bbox 487 2477 611 2505; x_wconf 71' lang='lat' dir='ltr'>Licinia:</span> <span class='ocrx_word' id='word_1_353' title='bbox 635 2475 753 2517; x_wconf 62' lang='lat' dir='ltr'>Tegula.</span> <span class='ocrx_word' id='word_1_354' title='bbox 800 2476 857 2516; x_wconf 84' lang='lat'>(7)</span> <span class='ocrx_word' id='word_1_355' title='bbox 879 2475 958 2504; x_wconf 76' lang='lat' dir='ltr'>Ter.</span> <span class='ocrx_word' id='word_1_356' title='bbox 977 2473 1010 2503; x_wconf 78' lang='lat' dir='ltr'>ln</span> <span class='ocrx_word' id='word_1_357' title='bbox 1026 2474 1091 2505; x_wconf 75' lang='lat' dir='ltr'>Ad.</span> <span class='ocrx_word' id='word_1_358' title='bbox 1111 2485 1140 2512; x_wconf 85' lang='lat'>4.</span> <span class='ocrx_word' id='word_1_359' title='bbox 1162 2484 1188 2513; x_wconf 83' lang='lat'>7.</span> <span class='ocrx_word' id='word_1_360' title='bbox 1207 2485 1261 2514; x_wconf 72' lang='lat'>34.</span> <span class='ocrx_word' id='word_1_361' title='bbox 1291 2476 1336 2506; x_wconf 79' lang='lat' dir='ltr'>‘Tu</span> <span class='ocrx_word' id='word_1_362' title='bbox 1351 2479 1424 2507; x_wconf 77' lang='lat' dir='ltr'>inter</span> <span class='ocrx_word' id='word_1_363' title='bbox 1440 2491 1485 2508; x_wconf 76' lang='lat' dir='ltr'>eas</span> <span class='ocrx_word' id='word_1_364' title='bbox 1505 2480 1601 2519; x_wconf 74' lang='lat' dir='ltr'>restIm</span> <span class='ocrx_word' id='word_1_365' title='bbox 1617 2483 1734 2512; x_wconf 69' lang='lat' dir='ltr'>duHans</span> 
     </span>
     <span class='ocr_line' id='line_1_46' title="bbox 410 2518 1734 2564; baseline 0.005 -15"><span class='ocrx_word' id='word_1_366' title='bbox 410 2521 549 2562; x_wconf 63' lang='lat' dir='ltr'>saltabit.</span> <span class='ocrx_word' id='word_1_367' title='bbox 592 2521 674 2550; x_wconf 82' lang='lat' dir='ltr'>Sunt</span> <span class='ocrx_word' id='word_1_368' title='bbox 696 2519 750 2560; x_wconf 86' lang='lat' dir='ltr'>qui</span> <span class='ocrx_word' id='word_1_369' title='bbox 770 2519 835 2553; x_wconf 87' lang='lat' dir='ltr'>huc</span> <span class='ocrx_word' id='word_1_370' title='bbox 850 2518 991 2549; x_wconf 79' lang='lat' dir='ltr'>reserant</span> <span class='ocrx_word' id='word_1_371' title='bbox 1006 2518 1088 2550; x_wconf 88' lang='lat' dir='ltr'>illud</span> <span class='ocrx_word' id='word_1_372' title='bbox 1116 2522 1196 2552; x_wconf 82' lang='lat' dir='ltr'>Hor.</span> <span class='ocrx_word' id='word_1_373' title='bbox 1214 2521 1235 2554; x_wconf 87' lang='lat' dir='ltr'>l.</span> <span class='ocrx_word' id='word_1_374' title='bbox 1257 2530 1286 2553; x_wconf 85' lang='lat' dir='ltr'>x.</span> <span class='ocrx_word' id='word_1_375' title='bbox 1301 2523 1358 2564; x_wconf 81' lang='lat' dir='ltr'>Ep.</span> <span class='ocrx_word' id='word_1_376' title='bbox 1389 2532 1443 2555; x_wconf 83' lang='lat'>10.</span> <span class='ocrx_word' id='word_1_377' title='bbox 1468 2534 1501 2558; x_wconf 86' lang='lat' dir='ltr'>v.</span> <span class='ocrx_word' id='word_1_378' title='bbox 1528 2525 1583 2563; x_wconf 63' lang='lat'>48.</span> <span class='ocrx_word' id='word_1_379' title='bbox 1612 2526 1734 2559; x_wconf 64' lang='lat' dir='ltr'>‘Toum</span> 
     </span>
    </p>
   </div>
   <div class='ocr_carea' id='block_1_5' title="bbox 422 2565 1730 2663">
    <p class='ocr_par' dir='ltr' id='par_1_5' title="bbox 422 2565 1730 2663">
     <span class='ocr_line' id='line_1_47' title="bbox 422 2565 1061 2607; baseline -0.002 -13"><span class='ocrx_word' id='word_1_380' title='bbox 422 2568 504 2607; x_wconf 64' lang='lat' dir='ltr'>digna</span> <span class='ocrx_word' id='word_1_381' title='bbox 513 2565 593 2605; x_wconf 75' lang='lat' dir='ltr'>stqm&#39;</span> <span class='ocrx_word' id='word_1_382' title='bbox 599 2567 707 2606; x_wconf 67' lang='lat' dir='ltr'>po!.⁷1);‚</span> <span class='ocrx_word' id='word_1_383' title='bbox 731 2577 814 2607; x_wconf 62' lang='lat' dir='ltr'>quam</span> <span class='ocrx_word' id='word_1_384' title='bbox 827 2568 932 2602; x_wconf 73' lang='lat' dir='ltr'>duccre,</span> <span class='ocrx_word' id='word_1_385' title='bbox 951 2565 1061 2603; x_wconf 64' lang='lat' dir='ltr'>swern.</span> 
     </span>
     <span class='ocr_line' id='line_1_48' title="bbox 1593 2614 1730 2663; baseline 0.022 -4"><span class='ocrx_word' id='word_1_386' title='bbox 1593 2614 1730 2663; x_wconf 70' lang='lat' dir='ltr'>Tusco</span> 
     </span>
    </p>
   </div>
  </div>
 </body>
</html>
