<?xml version="1.0" encoding="UTF-8"?>
<!DOCTYPE html PUBLIC "-//W3C//DTD XHTML 1.0 Transitional//EN"
    "http://www.w3.org/TR/xhtml1/DTD/xhtml1-transitional.dtd">
<html xmlns="http://www.w3.org/1999/xhtml" xml:lang="en" lang="en">
 <head>
  <title>
</title>
<meta http-equiv="Content-Type" content="text/html;charset=utf-8" />
  <meta name='ocr-system' content='tesseract 3.04.00' />
  <meta name='ocr-capabilities' content='ocr_page ocr_carea ocr_par ocr_line ocrx_word'/>
</head>
<body>
  <div class='ocr_page' id='page_1' title='image "./historiaeromanae02livyuoft_0191.png"; bbox 0 0 1860 3099; ppageno 0'>
   <div class='ocr_carea' id='block_1_1' title="bbox 414 193 1716 267">
    <p class='ocr_par' dir='ltr' id='par_1_1' title="bbox 414 193 1716 267">
     <span class='ocr_line' id='line_1_1' title="bbox 414 193 1716 267; baseline 0.001 -14"><span class='ocrx_word' id='word_1_1' title='bbox 414 210 648 253; x_wconf 80' lang='lat' dir='ltr'>L1BER</span> <span class='ocrx_word' id='word_1_2' title='bbox 701 193 863 252; x_wconf 73' lang='lat' dir='ltr'>XXIII.</span> <span class='ocrx_word' id='word_1_3' title='bbox 918 212 1078 255; x_wconf 80' lang='lat' dir='ltr'><strong>CAP.</strong></span> <span class='ocrx_word' id='word_1_4' title='bbox 1128 196 1248 256; x_wconf 69' lang='lat' dir='ltr'>xus.</span> <span class='ocrx_word' id='word_1_5' title='bbox 1638 223 1716 267; x_wconf 84' lang='lat'>177</span> 
     </span>
    </p>
   </div>
   <div class='ocr_carea' id='block_1_2' title="bbox 124 328 1713 2035">
    <p class='ocr_par' dir='ltr' id='par_1_2' title="bbox 151 328 1601 1386">
     <span class='ocr_line' id='line_1_2' title="bbox 156 328 1489 386; baseline 0.002 -19"><span class='ocrx_word' id='word_1_6' title='bbox 156 328 223 382; x_wconf 79' lang='lat' dir='ltr'>qui</span> <span class='ocrx_word' id='word_1_7' title='bbox 243 329 542 382; x_wconf 78' lang='lat' dir='ltr'><em>meminerimus,</em></span> <span class='ocrx_word' id='word_1_8' title='bbox 589 330 818 385; x_wconf 77' lang='lat' dir='ltr'>upersumus.</span> <span class='ocrx_word' id='word_1_9' title='bbox 838 345 1031 384; x_wconf 80' lang='lat' dir='ltr'>nunquam</span> <span class='ocrx_word' id='word_1_10' title='bbox 1047 332 1158 371; x_wconf 56' lang='lat' dir='ltr'>terrei</span> <span class='ocrx_word' id='word_1_11' title='bbox 1176 332 1347 385; x_wconf 82' lang='lat' dir='ltr'>marique</span> <span class='ocrx_word' id='word_1_12' title='bbox 1367 331 1489 386; x_wconf 58' lang='lat' dir='ltr'>magis*</span> 
     </span>
     <span class='ocr_line' id='line_1_3' title="bbox 151 387 1488 447; baseline 0.003 -21"><span class='ocrx_word' id='word_1_13' title='bbox 151 387 334 442; x_wconf 70' lang='lat' dir='ltr'>prqsperae</span> <span class='ocrx_word' id='word_1_14' title='bbox 356 404 414 428; x_wconf 79' lang='lat' dir='ltr'>res</span> <span class='ocrx_word' id='word_1_15' title='bbox 437 390 562 446; x_wconf 67' lang='lat' dir='ltr'>nqsi‘rae</span> <span class='ocrx_word' id='word_1_16' title='bbox 598 390 682 444; x_wconf 62' lang='lat' dir='ltr'><em>vg&#39;sae</em></span> <span class='ocrx_word' id='word_1_17' title='bbox 709 389 826 446; x_wconf 78' lang='lat' dir='ltr'>sunt,</span> <span class='ocrx_word' id='word_1_18' title='bbox 859 389 974 444; x_wconf 62' lang='lat' dir='ltr'>quhm</span> <span class='ocrx_word' id='word_1_19' title='bbox 995 398 1082 429; x_wconf 76' lang='lat' dir='ltr'>ante</span> <span class='ocrx_word' id='word_1_20' title='bbox 1102 389 1264 447; x_wconf 79' lang='lat' dir='ltr'>confides</span> <span class='ocrx_word' id='word_1_21' title='bbox 1288 390 1334 430; x_wconf 88' lang='lat' dir='ltr'>C.</span> <span class='ocrx_word' id='word_1_22' title='bbox 1358 390 1488 430; x_wconf 82' lang='lat' dir='ltr'>Luta-</span> 
     </span>
     <span class='ocr_line' id='line_1_4' title="bbox 155 446 1489 506; baseline 0.003 -22"><span class='ocrx_word' id='word_1_23' title='bbox 155 447 253 485; x_wconf 81' lang='lat' dir='ltr'>tium</span> <span class='ocrx_word' id='word_1_24' title='bbox 271 446 323 488; x_wconf 64' lang='lat'>&amp;²</span> <span class='ocrx_word' id='word_1_25' title='bbox 339 447 393 487; x_wconf 86' lang='lat' dir='ltr'>A.</span> <span class='ocrx_word' id='word_1_26' title='bbox 418 448 654 504; x_wconf 84' lang='lat' dir='ltr'>Postumium</span> <span class='ocrx_word' id='word_1_27' title='bbox 663 450 847 504; x_wconf 81' lang='lat' dir='ltr'>suerunt.</span> <span class='ocrx_word' id='word_1_28' title='bbox 892 448 1053 487; x_wconf 81' lang='lat' dir='ltr'>Lutatio</span> <span class='ocrx_word' id='word_1_29' title='bbox 1078 448 1130 490; x_wconf 46' lang='grc' dir='ltr'>Εἴ</span> <span class='ocrx_word' id='word_1_30' title='bbox 1152 448 1339 502; x_wconf 71' lang='lat' dir='ltr'>Pqstumio</span> <span class='ocrx_word' id='word_1_31' title='bbox 1358 449 1489 506; x_wconf 82' lang='lat' dir='ltr'>consu-</span> 
     </span>
     <span class='ocr_line' id='line_1_5' title="bbox 158 503 1490 562; baseline 0.004 -20"><span class='ocrx_word' id='word_1_32' title='bbox 158 503 274 557; x_wconf 83' lang='lat' dir='ltr'>libus,</span> <span class='ocrx_word' id='word_1_33' title='bbox 305 505 447 546; x_wconf 46' lang='lat' dir='ltr'>deviavi</span> <span class='ocrx_word' id='word_1_34' title='bbox 465 507 517 546; x_wconf 82' lang='lat' dir='ltr'>ad</span> <span class='ocrx_word' id='word_1_35' title='bbox 535 506 705 561; x_wconf 76' lang='lat' dir='ltr'>AEgates</span> <span class='ocrx_word' id='word_1_36' title='bbox 724 507 865 562; x_wconf 69' lang='lat' dir='ltr'>i&#39;fi‘las</span> <span class='ocrx_word' id='word_1_37' title='bbox 887 507 1039 561; x_wconf 68' lang='lat' dir='ltr'>fiamus.</span> <span class='ocrx_word' id='word_1_38' title='bbox 1105 506 1229 562; x_wconf 65' lang='lat' dir='ltr'>ond</span> <span class='ocrx_word' id='word_1_39' title='bbox 1243 505 1287 562; x_wconf 83' lang='lat' dir='ltr'><em>fi</em></span> <span class='ocrx_word' id='word_1_40' title='bbox 1307 506 1377 561; x_wconf 85' lang='lat' dir='ltr'>(id</span> <span class='ocrx_word' id='word_1_41' title='bbox 1393 507 1490 561; x_wconf 83' lang='lat' dir='ltr'>quod</span> 
     </span>
     <span class='ocr_line' id='line_1_6' title="bbox 155 562 1484 623; baseline -0.001 -18"><span class='ocrx_word' id='word_1_42' title='bbox 155 562 236 605; x_wconf 87' lang='lat' dir='ltr'>Dii</span> <span class='ocrx_word' id='word_1_43' title='bbox 255 579 356 603; x_wconf 83' lang='lat' dir='ltr'>omen</span> <span class='ocrx_word' id='word_1_44' title='bbox 376 568 585 623; x_wconf 82' lang='lat' dir='ltr'>avertant)</span> <span class='ocrx_word' id='word_1_45' title='bbox 606 581 706 605; x_wconf 81' lang='lat' dir='ltr'>nunc</span> <span class='ocrx_word' id='word_1_46' title='bbox 726 581 865 620; x_wconf 82' lang='lat' dir='ltr'>quoque</span> <span class='ocrx_word' id='word_1_47' title='bbox 877 565 1046 622; x_wconf 82' lang='lat' dir='ltr'>fortuna</span> <span class='ocrx_word' id='word_1_48' title='bbox 1069 566 1218 620; x_wconf 83' lang='lat' dir='ltr'>aliquid</span> <span class='ocrx_word' id='word_1_49' title='bbox 1235 567 1456 605; x_wconf 78' lang='lat' dir='ltr'><em>variaverit</em></span> <span class='ocrx_word' id='word_1_50' title='bbox 1469 588 1484 612; x_wconf 86' lang='lat'>,-</span> 
     </span>
     <span class='ocr_line' id='line_1_7' title="bbox 156 624 1489 679; baseline 0.002 -19"><span class='ocrx_word' id='word_1_51' title='bbox 156 629 238 661; x_wconf 84' lang='lat' dir='ltr'>tum</span> <span class='ocrx_word' id='word_1_52' title='bbox 253 633 383 676; x_wconf 84' lang='lat' dir='ltr'>pacem</span> <span class='ocrx_word' id='word_1_53' title='bbox 391 624 576 679; x_wconf 80' lang='lat' dir='ltr'>speratis,</span> <span class='ocrx_word' id='word_1_54' title='bbox 608 640 722 678; x_wconf 77' lang='lat' dir='ltr'>quum</span> <span class='ocrx_word' id='word_1_55' title='bbox 741 625 954 673; x_wconf 83' lang='lat' dir='ltr'><em>vincemur,</em></span> <span class='ocrx_word' id='word_1_56' title='bbox 987 640 1099 679; x_wconf 80' lang='lat' dir='ltr'>quam</span> <span class='ocrx_word' id='word_1_57' title='bbox 1122 640 1235 675; x_wconf 80' lang='lat' dir='ltr'>nunc,</span> <span class='ocrx_word' id='word_1_58' title='bbox 1265 639 1379 679; x_wconf 80' lang='lat' dir='ltr'>quum</span> <span class='ocrx_word' id='word_1_59' title='bbox 1399 626 1489 663; x_wconf 83' lang='lat' dir='ltr'>vin-</span> 
     </span>
     <span class='ocr_line' id='line_1_8' title="bbox 159 681 1489 739; baseline 0.005 -21"><span class='ocrx_word' id='word_1_60' title='bbox 159 681 295 731; x_wconf 85' lang='lat' dir='ltr'><em>cimus,</em></span> <span class='ocrx_word' id='word_1_61' title='bbox 317 682 385 722; x_wconf 83' lang='lat' dir='ltr'>dat</span> <span class='ocrx_word' id='word_1_62' title='bbox 401 698 502 723; x_wconf 85' lang='lat' dir='ltr'>nemo</span> <span class='ocrx_word' id='word_1_63' title='bbox 519 685 540 721; x_wconf 77' lang='lat'><em>?</em></span> <span class='ocrx_word' id='word_1_64' title='bbox 575 682 674 736; x_wconf 86' lang='lat' dir='ltr'>Ego,</span> <span class='ocrx_word' id='word_1_65' title='bbox 690 682 733 737; x_wconf 84' lang='lat' dir='ltr'><em>st</em></span> <span class='ocrx_word' id='word_1_66' title='bbox 751 685 835 737; x_wconf 82' lang='lat' dir='ltr'>quis</span> <span class='ocrx_word' id='word_1_67' title='bbox 850 683 893 722; x_wconf 83' lang='lat' dir='ltr'>de</span> <span class='ocrx_word' id='word_1_68' title='bbox 903 694 994 736; x_wconf 80' lang='lat' dir='ltr'>pace</span> <span class='ocrx_word' id='word_1_69' title='bbox 1006 684 1176 738; x_wconf 70' lang='lat' dir='ltr'>corficlet,</span> <span class='ocrx_word' id='word_1_70' title='bbox 1195 684 1268 738; x_wconf 76' lang='lat' dir='ltr'>stu</span> <span class='ocrx_word' id='word_1_71' title='bbox 1284 683 1489 739; x_wconf 60' lang='lat' dir='ltr'>dfirendd</span> 
     </span>
     <span class='ocr_line' id='line_1_9' title="bbox 156 738 1488 797; baseline 0.002 -19"><span class='ocrx_word' id='word_1_72' title='bbox 156 738 334 797; x_wconf 73' lang='lat' dir='ltr'>hostibus,</span> <span class='ocrx_word' id='word_1_73' title='bbox 344 741 414 796; x_wconf 85' lang='lat' dir='ltr'>seu</span> <span class='ocrx_word' id='word_1_74' title='bbox 425 741 660 795; x_wconf 69' lang='lat' dir='ltr'>accipienda‘,</span> <span class='ocrx_word' id='word_1_75' title='bbox 674 741 785 781; x_wconf 79' lang='lat' dir='ltr'>habeo</span> <span class='ocrx_word' id='word_1_76' title='bbox 824 742 919 796; x_wconf 83' lang='lat' dir='ltr'>quid</span> <span class='ocrx_word' id='word_1_77' title='bbox 923 743 1117 796; x_wconf 70' lang='lat' dir='ltr'>sententia?</span> <span class='ocrx_word' id='word_1_78' title='bbox 1132 742 1283 781; x_wconf 81' lang='lat' dir='ltr'>dicam:</span> <span class='ocrx_word' id='word_1_79' title='bbox 1298 740 1343 796; x_wconf 80' lang='lat' dir='ltr'><em>st</em></span> <span class='ocrx_word' id='word_1_80' title='bbox 1361 741 1404 781; x_wconf 84' lang='lat' dir='ltr'>de</span> <span class='ocrx_word' id='word_1_81' title='bbox 1424 741 1488 793; x_wconf 86' lang='lat' dir='ltr'>iis,</span> 
     </span>
     <span class='ocr_line' id='line_1_10' title="bbox 160 798 1490 857; baseline 0.002 -19"><span class='ocrx_word' id='word_1_82' title='bbox 160 814 239 852; x_wconf 84' lang='lat' dir='ltr'>quae</span> <span class='ocrx_word' id='word_1_83' title='bbox 252 798 381 855; x_wconf 84' lang='lat' dir='ltr'>Mago</span> <span class='ocrx_word' id='word_1_84' title='bbox 392 801 568 857; x_wconf 73' lang='lat' dir='ltr'>pqstulat,</span> <span class='ocrx_word' id='word_1_85' title='bbox 601 803 663 856; x_wconf 84' lang='lat'>(3)</span> <span class='ocrx_word' id='word_1_86' title='bbox 682 801 851 855; x_wconf 71' lang='lat' dir='ltr'>refertis,</span> <span class='ocrx_word' id='word_1_87' title='bbox 867 816 931 840; x_wconf 82' lang='lat' dir='ltr'>nec</span> <span class='ocrx_word' id='word_1_88' title='bbox 948 802 1153 841; x_wconf 58' lang='lat' dir='ltr'>vifiorihcs</span> <span class='ocrx_word' id='word_1_89' title='bbox 1169 802 1271 840; x_wconf 85' lang='lat' dir='ltr'>mitti</span> <span class='ocrx_word' id='word_1_90' title='bbox 1286 806 1310 854; x_wconf 95' lang='lat'>†</span> <span class='ocrx_word' id='word_1_91' title='bbox 1327 801 1490 840; x_wconf 83' lang='lat' dir='ltr'><em>attinere</em></span> 
     </span>
     <span class='ocr_line' id='line_1_11' title="bbox 151 858 1490 917; baseline 0.003 -21"><span class='ocrx_word' id='word_1_92' title='bbox 151 866 260 910; x_wconf 82' lang='lat' dir='ltr'>puto,</span> <span class='ocrx_word' id='word_1_93' title='bbox 287 858 340 900; x_wconf 59' lang='grc' dir='ltr'>ΕΘ*</span> <span class='ocrx_word' id='word_1_94' title='bbox 358 859 662 917; x_wconf 79' lang='lat' dir='ltr'>frustrantibus</span> <span class='ocrx_word' id='word_1_95' title='bbox 683 875 746 899; x_wconf 84' lang='lat' dir='ltr'>nos</span> <span class='ocrx_word' id='word_1_96' title='bbox 752 860 872 916; x_wconf 51' lang='lat' dir='ltr'>falsa*</span> <span class='ocrx_word' id='word_1_97' title='bbox 893 868 1004 915; x_wconf 78' lang='lat' dir='ltr'>atque</span> <span class='ocrx_word' id='word_1_98' title='bbox 1025 860 1206 915; x_wconf 81' lang='lat' dir='ltr'>inanispe</span> <span class='ocrx_word' id='word_1_99' title='bbox 1229 860 1340 900; x_wconf 83' lang='lat' dir='ltr'>multo</span> <span class='ocrx_word' id='word_1_100' title='bbox 1363 858 1490 900; x_wconf 60' lang='lat' dir='ltr'>minits</span> 
     </span>
     <span class='ocr_line' id='line_1_12' title="bbox 159 917 1488 974; baseline 0.002 -19"><span class='ocrx_word' id='word_1_101' title='bbox 159 917 276 971; x_wconf 85' lang='lat' dir='ltr'>censeo</span> <span class='ocrx_word' id='word_1_102' title='bbox 293 918 474 957; x_wconf 74' lang='lat' dir='ltr'>mittenda</span> <span class='ocrx_word' id='word_1_103' title='bbox 496 919 572 974; x_wconf 75' lang='lat' dir='ltr'>ff.</span> <span class='ocrx_word' id='word_1_104' title='bbox 624 918 751 959; x_wconf 87' lang='lat' dir='ltr'>Haud</span> <span class='ocrx_word' id='word_1_105' title='bbox 775 919 927 959; x_wconf 88' lang='lat' dir='ltr'>multos</span> <span class='ocrx_word' id='word_1_106' title='bbox 946 919 1075 959; x_wconf 88' lang='lat' dir='ltr'>movit</span> <span class='ocrx_word' id='word_1_107' title='bbox 1097 919 1319 959; x_wconf 85' lang='lat' dir='ltr'>Hannonis</span> <span class='ocrx_word' id='word_1_108' title='bbox 1342 918 1488 959; x_wconf 86' lang='lat' dir='ltr'>oratio.</span> 
     </span>
     <span class='ocr_line' id='line_1_13' title="bbox 161 976 1490 1031; baseline 0.003 -17"><span class='ocrx_word' id='word_1_109' title='bbox 161 988 258 1015; x_wconf 80' lang='lat' dir='ltr'>nam</span> <span class='ocrx_word' id='word_1_110' title='bbox 283 978 324 1016; x_wconf 70' lang='grc' dir='ltr'>δι</span> <span class='ocrx_word' id='word_1_111' title='bbox 349 976 528 1017; x_wconf 79' lang='lat' dir='ltr'>simultas</span> <span class='ocrx_word' id='word_1_112' title='bbox 546 991 642 1017; x_wconf 88' lang='lat' dir='ltr'>cum</span> <span class='ocrx_word' id='word_1_113' title='bbox 666 976 819 1017; x_wconf 67' lang='lat' dir='ltr'>familia</span> <span class='ocrx_word' id='word_1_114' title='bbox 836 977 1008 1018; x_wconf 71' lang='lat' dir='ltr'>Barcina</span> <span class='ocrx_word' id='word_1_115' title='bbox 1023 982 1045 1031; x_wconf 70' lang='lat' dir='ltr'>ss</span> <span class='ocrx_word' id='word_1_116' title='bbox 1061 978 1256 1018; x_wconf 90' lang='lat' dir='ltr'>leviorem</span> <span class='ocrx_word' id='word_1_117' title='bbox 1275 976 1490 1018; x_wconf 56' lang='lat' dir='ltr'>merorem</span> 
     </span>
     <span class='ocr_line' id='line_1_14' title="bbox 160 1031 1601 1104; baseline 0.003 -31"><span class='ocrx_word' id='word_1_118' title='bbox 160 1033 353 1084; x_wconf 83' lang='lat' dir='ltr'>faciebat,</span> <span class='ocrx_word' id='word_1_119' title='bbox 386 1038 428 1077; x_wconf 87' lang='lat'>&amp;</span> <span class='ocrx_word' id='word_1_120' title='bbox 466 1036 656 1090; x_wconf 86' lang='lat' dir='ltr'>occupati</span> <span class='ocrx_word' id='word_1_121' title='bbox 688 1036 815 1076; x_wconf 85' lang='lat' dir='ltr'>animi</span> <span class='ocrx_word' id='word_1_122' title='bbox 857 1036 1045 1091; x_wconf 84' lang='lat' dir='ltr'>praesenti</span> <span class='ocrx_word' id='word_1_123' title='bbox 1078 1031 1219 1078; x_wconf 68' lang='lat' dir='ltr'>laetitia</span> <span class='ocrx_word' id='word_1_124' title='bbox 1254 1036 1373 1088; x_wconf 83' lang='lat' dir='ltr'>nihil,</span> <span class='ocrx_word' id='word_1_125' title='bbox 1406 1051 1489 1090; x_wconf 92' lang='lat' dir='ltr'>quo</span> <span class='ocrx_word' id='word_1_126' title='bbox 1576 1055 1601 1104; x_wconf 79' lang='lat'>†</span> 
     </span>
     <span class='ocr_line' id='line_1_15' title="bbox 161 1093 1493 1151; baseline 0.002 -18"><span class='ocrx_word' id='word_1_127' title='bbox 161 1093 306 1135; x_wconf 86' lang='lat' dir='ltr'>vanius</span> <span class='ocrx_word' id='word_1_128' title='bbox 329 1093 445 1135; x_wconf 87' lang='lat' dir='ltr'>fieret</span> <span class='ocrx_word' id='word_1_129' title='bbox 465 1096 663 1151; x_wconf 87' lang='lat' dir='ltr'>gaudium</span> <span class='ocrx_word' id='word_1_130' title='bbox 686 1095 822 1146; x_wconf 89' lang='lat' dir='ltr'>suum,</span> <span class='ocrx_word' id='word_1_131' title='bbox 855 1095 1022 1137; x_wconf 85' lang='lat' dir='ltr'>auribus</span> <span class='ocrx_word' id='word_1_132' title='bbox 1044 1095 1340 1136; x_wconf 81' lang='lat' dir='ltr'>admittebant:</span> <span class='ocrx_word' id='word_1_133' title='bbox 1374 1101 1399 1150; x_wconf 87' lang='lat'>†</span> <span class='ocrx_word' id='word_1_134' title='bbox 1420 1097 1493 1136; x_wconf 90' lang='lat' dir='ltr'>de-</span> 
     </span>
     <span class='ocr_line' id='line_1_16' title="bbox 160 1151 1493 1208; baseline 0.002 -17"><span class='ocrx_word' id='word_1_135' title='bbox 160 1151 442 1208; x_wconf 85' lang='lat' dir='ltr'>bellatumque</span> <span class='ocrx_word' id='word_1_136' title='bbox 463 1169 559 1194; x_wconf 87' lang='lat' dir='ltr'>mox</span> <span class='ocrx_word' id='word_1_137' title='bbox 580 1153 686 1205; x_wconf 89' lang='lat' dir='ltr'>fore,</span> <span class='ocrx_word' id='word_1_138' title='bbox 719 1155 744 1194; x_wconf 79' lang='lat' dir='ltr'>si</span> <span class='ocrx_word' id='word_1_139' title='bbox 767 1154 895 1194; x_wconf 86' lang='lat' dir='ltr'>adniti</span> <span class='ocrx_word' id='word_1_140' title='bbox 913 1152 1145 1208; x_wconf 74' lang='lat' dir='ltr'>paullulum</span> <span class='ocrx_word' id='word_1_141' title='bbox 1167 1154 1397 1204; x_wconf 74' lang='lat' dir='ltr'>voluissent,</span> <span class='ocrx_word' id='word_1_142' title='bbox 1429 1168 1493 1194; x_wconf 85' lang='lat' dir='ltr'>re-</span> 
     </span>
     <span class='ocr_line' id='line_1_17' title="bbox 161 1210 1492 1268; baseline 0.002 -17"><span class='ocrx_word' id='word_1_143' title='bbox 161 1210 326 1253; x_wconf 87' lang='lat' dir='ltr'>bantur.</span> <span class='ocrx_word' id='word_1_144' title='bbox 387 1213 532 1267; x_wconf 87' lang='lat' dir='ltr'>Itaque</span> <span class='ocrx_word' id='word_1_145' title='bbox 564 1212 721 1268; x_wconf 84' lang='lat' dir='ltr'><strong>ingenti</strong></span> <span class='ocrx_word' id='word_1_146' title='bbox 763 1213 960 1253; x_wconf 88' lang='lat' dir='ltr'>consensu</span> <span class='ocrx_word' id='word_1_147' title='bbox 998 1213 1043 1253; x_wconf 90' lang='lat' dir='ltr'>fit</span> <span class='ocrx_word' id='word_1_148' title='bbox 1080 1213 1492 1264; x_wconf 80' lang='lat' dir='ltr'>senatusconsultum,</span> 
     </span>
     <span class='ocr_line' id='line_1_18' title="bbox 163 1270 1494 1327; baseline 0.002 -17"><span class='ocrx_word' id='word_1_149' title='bbox 163 1279 210 1310; x_wconf 85' lang='lat' dir='ltr'>ut</span> <span class='ocrx_word' id='word_1_150' title='bbox 230 1270 457 1312; x_wconf 85' lang='lat' dir='ltr'>Hannibali</span> <span class='ocrx_word' id='word_1_151' title='bbox 479 1281 656 1326; x_wconf 87' lang='lat' dir='ltr'>quatuor</span> <span class='ocrx_word' id='word_1_152' title='bbox 676 1272 958 1312; x_wconf 83' lang='lat' dir='ltr'>Numidarum</span> <span class='ocrx_word' id='word_1_153' title='bbox 990 1272 1117 1313; x_wconf 85' lang='lat' dir='ltr'>millia</span> <span class='ocrx_word' id='word_1_154' title='bbox 1154 1273 1195 1312; x_wconf 87' lang='lat' dir='ltr'>in</span> <span class='ocrx_word' id='word_1_155' title='bbox 1233 1272 1494 1327; x_wconf 89' lang='lat' dir='ltr'>supplemen-</span> 
     </span>
     <span class='ocr_line' id='line_1_19' title="bbox 163 1331 1494 1386; baseline 0.002 -18"><span class='ocrx_word' id='word_1_156' title='bbox 163 1338 253 1369; x_wconf 89' lang='lat' dir='ltr'>tum</span> <span class='ocrx_word' id='word_1_157' title='bbox 285 1331 564 1381; x_wconf 81' lang='lat' dir='ltr'>mitterentur,</span> <span class='ocrx_word' id='word_1_158' title='bbox 610 1333 651 1372; x_wconf 87' lang='lat'>&amp;</span> <span class='ocrx_word' id='word_1_159' title='bbox 686 1331 958 1386; x_wconf 79' lang='lat' dir='ltr'>quadraginta</span> <span class='ocrx_word' id='word_1_160' title='bbox 992 1331 1215 1386; x_wconf 86' lang='lat' dir='ltr'>elephanti,</span> <span class='ocrx_word' id='word_1_161' title='bbox 1255 1334 1294 1372; x_wconf 71' lang='grc' dir='ltr'>δε</span> <span class='ocrx_word' id='word_1_162' title='bbox 1335 1331 1494 1386; x_wconf 86' lang='lat' dir='ltr'>argenti</span> 
     </span>
    </p>

    <p class='ocr_par' dir='ltr' id='par_1_3' title="bbox 124 1389 1495 1621">
     <span class='ocr_line' id='line_1_20' title="bbox 124 1389 1493 1444; baseline 0.001 -17"><span class='ocrx_word' id='word_1_163' title='bbox 124 1394 126 1396; x_wconf 77' lang='grc'>’</span> <span class='ocrx_word' id='word_1_164' title='bbox 163 1389 294 1428; x_wconf 88' lang='lat' dir='ltr'>multa</span> <span class='ocrx_word' id='word_1_165' title='bbox 327 1392 389 1444; x_wconf 83' lang='lat'>(4)</span> <span class='ocrx_word' id='word_1_166' title='bbox 423 1391 586 1430; x_wconf 87' lang='lat' dir='ltr'>talenta.</span> <span class='ocrx_word' id='word_1_167' title='bbox 671 1392 734 1444; x_wconf 80' lang='lat'>(5)</span> <span class='ocrx_word' id='word_1_168' title='bbox 766 1390 1044 1444; x_wconf 62' lang='lat' dir='ltr'>Dietatorque</span> <span class='ocrx_word' id='word_1_169' title='bbox 1087 1405 1184 1431; x_wconf 90' lang='lat' dir='ltr'>cum</span> <span class='ocrx_word' id='word_1_170' title='bbox 1226 1391 1412 1444; x_wconf 88' lang='lat' dir='ltr'>Magone</span> <span class='ocrx_word' id='word_1_171' title='bbox 1449 1390 1493 1428; x_wconf 86' lang='lat' dir='ltr'>iu</span> 
     </span>
     <span class='ocr_line' id='line_1_21' title="bbox 164 1447 1493 1504; baseline 0.002 -18"><span class='ocrx_word' id='word_1_172' title='bbox 164 1447 407 1502; x_wconf 85' lang='lat' dir='ltr'>Hispaniam</span> <span class='ocrx_word' id='word_1_173' title='bbox 434 1448 657 1503; x_wconf 80' lang='lat' dir='ltr'>praemiffus</span> <span class='ocrx_word' id='word_1_174' title='bbox 694 1448 768 1498; x_wconf 90' lang='lat' dir='ltr'>est,</span> <span class='ocrx_word' id='word_1_175' title='bbox 801 1450 851 1489; x_wconf 87' lang='lat' dir='ltr'>ad</span> <span class='ocrx_word' id='word_1_176' title='bbox 881 1450 1151 1489; x_wconf 87' lang='lat' dir='ltr'>conducenda</span> <span class='ocrx_word' id='word_1_177' title='bbox 1186 1448 1332 1504; x_wconf 88' lang='lat' dir='ltr'>viginti</span> <span class='ocrx_word' id='word_1_178' title='bbox 1365 1448 1493 1488; x_wconf 82' lang='lat' dir='ltr'>millia</span> 
     </span>
     <span class='ocr_line' id='line_1_22' title="bbox 164 1507 1495 1562; baseline 0.001 -16"><span class='ocrx_word' id='word_1_179' title='bbox 164 1507 368 1560; x_wconf 90' lang='lat' dir='ltr'>peditum,</span> <span class='ocrx_word' id='word_1_180' title='bbox 399 1518 576 1561; x_wconf 83' lang='lat' dir='ltr'>quatuor</span> <span class='ocrx_word' id='word_1_181' title='bbox 598 1507 801 1560; x_wconf 89' lang='lat' dir='ltr'>equitum,</span> <span class='ocrx_word' id='word_1_182' title='bbox 835 1507 985 1561; x_wconf 83' lang='lat' dir='ltr'>quibus</span> <span class='ocrx_word' id='word_1_183' title='bbox 1007 1508 1226 1557; x_wconf 80' lang='lat' dir='ltr'>exercitus,</span> <span class='ocrx_word' id='word_1_184' title='bbox 1259 1507 1331 1562; x_wconf 90' lang='lat' dir='ltr'>qui</span> <span class='ocrx_word' id='word_1_185' title='bbox 1348 1507 1390 1546; x_wconf 89' lang='lat' dir='ltr'>in</span> <span class='ocrx_word' id='word_1_186' title='bbox 1412 1507 1495 1547; x_wconf 81' lang='lat' dir='ltr'>Ita-</span> 
     </span>
     <span class='ocr_line' id='line_1_23' title="bbox 164 1565 1194 1621; baseline 0 -15"><span class='ocrx_word' id='word_1_187' title='bbox 164 1565 232 1617; x_wconf 66' lang='lat' dir='ltr'>lia,</span> <span class='ocrx_word' id='word_1_188' title='bbox 265 1566 418 1620; x_wconf 89' lang='lat' dir='ltr'>quique</span> <span class='ocrx_word' id='word_1_189' title='bbox 443 1566 485 1606; x_wconf 88' lang='lat' dir='ltr'>in</span> <span class='ocrx_word' id='word_1_190' title='bbox 506 1565 706 1620; x_wconf 69' lang='lat' dir='ltr'>Hispania</span> <span class='ocrx_word' id='word_1_191' title='bbox 727 1576 861 1617; x_wconf 87' lang='lat' dir='ltr'>erant,</span> <span class='ocrx_word' id='word_1_192' title='bbox 894 1566 1194 1621; x_wconf 88' lang='lat' dir='ltr'>supplerentur.</span> 
     </span>
    </p>

    <p class='ocr_par' dir='ltr' id='par_1_4' title="bbox 164 1623 1713 2035">
     <span class='ocr_line' id='line_1_24' title="bbox 223 1623 1708 1682; baseline 0.001 -16"><span class='ocrx_word' id='word_1_193' title='bbox 223 1624 344 1666; x_wconf 91' lang='lat' dir='ltr'>XIV.</span> <span class='ocrx_word' id='word_1_194' title='bbox 381 1623 584 1667; x_wconf 74' lang='lat' dir='ltr'>Ceterum</span> <span class='ocrx_word' id='word_1_195' title='bbox 620 1624 725 1674; x_wconf 72' lang='lat' dir='ltr'>hcec,</span> <span class='ocrx_word' id='word_1_196' title='bbox 758 1636 804 1665; x_wconf 89' lang='lat' dir='ltr'>ut</span> <span class='ocrx_word' id='word_1_197' title='bbox 842 1625 884 1665; x_wconf 89' lang='lat' dir='ltr'>in</span> <span class='ocrx_word' id='word_1_198' title='bbox 926 1624 1114 1666; x_wconf 84' lang='lat' dir='ltr'>secundis</span> <span class='ocrx_word' id='word_1_199' title='bbox 1150 1625 1287 1677; x_wconf 80' lang='lat' dir='ltr'>rebus,</span> <span class='ocrx_word' id='word_1_200' title='bbox 1319 1625 1495 1681; x_wconf 82' lang='lat' dir='ltr'>segniter</span> <span class='ocrx_word' id='word_1_201' title='bbox 1514 1628 1708 1682; x_wconf 54' lang='lat' dir='ltr'>quaniim·</span> 
     </span>
     <span class='ocr_line' id='line_1_25' title="bbox 164 1675 1713 1740; baseline 0.001 -16"><span class='ocrx_word' id='word_1_202' title='bbox 164 1681 378 1739; x_wconf 79' lang='lat' dir='ltr'>otioseque</span> <span class='ocrx_word' id='word_1_203' title='bbox 415 1684 539 1740; x_wconf 87' lang='lat' dir='ltr'>gesta.</span> <span class='ocrx_word' id='word_1_204' title='bbox 602 1683 833 1734; x_wconf 87' lang='lat' dir='ltr'>Romanos,</span> <span class='ocrx_word' id='word_1_205' title='bbox 866 1694 1014 1738; x_wconf 80' lang='lat' dir='ltr'>praeter</span> <span class='ocrx_word' id='word_1_206' title='bbox 1054 1685 1215 1725; x_wconf 78' lang='lat' dir='ltr'>insitam</span> <span class='ocrx_word' id='word_1_207' title='bbox 1251 1684 1495 1726; x_wconf 87' lang='lat' dir='ltr'>industriam</span> <span class='ocrx_word' id='word_1_208' title='bbox 1510 1675 1713 1717; x_wconf 58' lang='lat' dir='ltr'>p¹g&#39;⁶⁶⁶&#39;&#39;l¹⁴&#39;&#39;&#39;</span> 
     </span>
     <span class='ocr_line' id='line_1_26' title="bbox 167 1728 1669 1798; baseline 0.001 -14"><span class='ocrx_word' id='word_1_209' title='bbox 167 1743 333 1796; x_wconf 88' lang='lat' dir='ltr'>animis,</span> <span class='ocrx_word' id='word_1_210' title='bbox 380 1742 547 1784; x_wconf 84' lang='lat' dir='ltr'>fortuna</span> <span class='ocrx_word' id='word_1_211' title='bbox 586 1743 712 1784; x_wconf 83' lang='lat' dir='ltr'>etiam</span> <span class='ocrx_word' id='word_1_212' title='bbox 753 1743 941 1784; x_wconf 70' lang='lat' dir='ltr'>cun&amp;ari</span> <span class='ocrx_word' id='word_1_213' title='bbox 981 1743 1237 1798; x_wconf 86' lang='lat' dir='ltr'>prohibebat.</span> <span class='ocrx_word' id='word_1_214' title='bbox 1281 1758 1377 1784; x_wconf 85' lang='lat' dir='ltr'>nam</span> <span class='ocrx_word' id='word_1_215' title='bbox 1420 1759 1496 1786; x_wconf 90' lang='lat' dir='ltr'>nec</span> <span class='ocrx_word' id='word_1_216' title='bbox 1513 1728 1669 1764; x_wconf 55' lang='lat' dir='ltr'>‘’ppamt‘</span> 
     </span>
     <span class='ocr_line' id='line_1_27' title="bbox 167 1801 1493 1858; baseline 0.002 -16"><span class='ocrx_word' id='word_1_217' title='bbox 167 1801 309 1843; x_wconf 90' lang='lat' dir='ltr'>consul</span> <span class='ocrx_word' id='word_1_218' title='bbox 341 1803 413 1843; x_wconf 90' lang='lat' dir='ltr'>ulli</span> <span class='ocrx_word' id='word_1_219' title='bbox 449 1803 525 1856; x_wconf 88' lang='lat' dir='ltr'>rei,</span> <span class='ocrx_word' id='word_1_220' title='bbox 558 1817 650 1856; x_wconf 79' lang='lat' dir='ltr'>quae</span> <span class='ocrx_word' id='word_1_221' title='bbox 682 1816 754 1856; x_wconf 89' lang='lat' dir='ltr'>per</span> <span class='ocrx_word' id='word_1_222' title='bbox 796 1816 891 1842; x_wconf 89' lang='lat' dir='ltr'>eum</span> <span class='ocrx_word' id='word_1_223' title='bbox 933 1803 1091 1858; x_wconf 84' lang='lat' dir='ltr'>agenda</span> <span class='ocrx_word' id='word_1_224' title='bbox 1113 1803 1223 1852; x_wconf 74' lang='lat' dir='ltr'>effer,</span> <span class='ocrx_word' id='word_1_225' title='bbox 1255 1803 1419 1843; x_wconf 83' lang='lat' dir='ltr'>deerat:</span> <span class='ocrx_word' id='word_1_226' title='bbox 1455 1806 1493 1845; x_wconf 74' lang='grc' dir='ltr'>δε</span> 
     </span>
     <span class='ocr_line' id='line_1_28' title="bbox 167 1861 1498 1917; baseline 0.001 -15"><span class='ocrx_word' id='word_1_227' title='bbox 167 1861 346 1902; x_wconf 72' lang='grc' dir='ltr'>ἀὶἂειῖοι·</span> <span class='ocrx_word' id='word_1_228' title='bbox 368 1862 431 1902; x_wconf 91' lang='grc' dir='ltr'>Μ.</span> <span class='ocrx_word' id='word_1_229' title='bbox 453 1861 602 1915; x_wconf 87' lang='lat' dir='ltr'>Junius</span> <span class='ocrx_word' id='word_1_230' title='bbox 627 1863 745 1912; x_wconf 80' lang='lat' dir='ltr'>Pera,</span> <span class='ocrx_word' id='word_1_231' title='bbox 777 1861 899 1902; x_wconf 86' lang='lat' dir='ltr'>rebus</span> <span class='ocrx_word' id='word_1_232' title='bbox 921 1861 1070 1903; x_wconf 87' lang='lat' dir='ltr'>divinis</span> <span class='ocrx_word' id='word_1_233' title='bbox 1107 1861 1322 1917; x_wconf 61' lang='lat' dir='ltr'>perfeetis,</span> <span class='ocrx_word' id='word_1_234' title='bbox 1356 1865 1419 1917; x_wconf 84' lang='lat'>(1)</span> <span class='ocrx_word' id='word_1_235' title='bbox 1440 1863 1498 1903; x_wconf 88' lang='lat' dir='ltr'>la-</span> 
     </span>
     <span class='ocr_line' id='line_1_29' title="bbox 168 1920 1498 1975; baseline 0 -14"><span class='ocrx_word' id='word_1_236' title='bbox 168 1931 308 1975; x_wconf 84' lang='lat' dir='ltr'>toque,</span> <span class='ocrx_word' id='word_1_237' title='bbox 339 1931 384 1962; x_wconf 86' lang='lat' dir='ltr'>ut</span> <span class='ocrx_word' id='word_1_238' title='bbox 400 1920 520 1970; x_wconf 85' lang='lat' dir='ltr'>solet,</span> <span class='ocrx_word' id='word_1_239' title='bbox 553 1921 603 1960; x_wconf 86' lang='lat' dir='ltr'>ad</span> <span class='ocrx_word' id='word_1_240' title='bbox 626 1921 843 1975; x_wconf 89' lang='lat' dir='ltr'>populum,</span> <span class='ocrx_word' id='word_1_241' title='bbox 877 1930 922 1960; x_wconf 91' lang='lat' dir='ltr'>ut</span> <span class='ocrx_word' id='word_1_242' title='bbox 943 1935 1098 1974; x_wconf 89' lang='lat' dir='ltr'>equum</span> <span class='ocrx_word' id='word_1_243' title='bbox 1119 1927 1144 1974; x_wconf 92' lang='lat'>†</span> <span class='ocrx_word' id='word_1_244' title='bbox 1162 1920 1378 1961; x_wconf 89' lang='lat' dir='ltr'>escendere</span> <span class='ocrx_word' id='word_1_245' title='bbox 1401 1922 1498 1962; x_wconf 89' lang='lat' dir='ltr'>lice-</span> 
     </span>
     <span class='ocr_line' id='line_1_30' title="bbox 168 1978 1499 2035; baseline 0 -15"><span class='ocrx_word' id='word_1_246' title='bbox 168 1990 246 2030; x_wconf 88' lang='lat' dir='ltr'>ret,</span> <span class='ocrx_word' id='word_1_247' title='bbox 279 1990 426 2034; x_wconf 86' lang='lat' dir='ltr'>praeter</span> <span class='ocrx_word' id='word_1_248' title='bbox 447 1981 548 2021; x_wconf 86' lang='lat' dir='ltr'>duas</span> <span class='ocrx_word' id='word_1_249' title='bbox 571 1978 746 2020; x_wconf 86' lang='lat' dir='ltr'>urbanas</span> <span class='ocrx_word' id='word_1_250' title='bbox 767 1980 965 2033; x_wconf 86' lang='lat' dir='ltr'>legiones,</span> <span class='ocrx_word' id='word_1_251' title='bbox 998 1994 1089 2034; x_wconf 82' lang='lat' dir='ltr'>quae</span> <span class='ocrx_word' id='word_1_252' title='bbox 1111 1980 1315 2035; x_wconf 87' lang='lat' dir='ltr'>principio</span> <span class='ocrx_word' id='word_1_253' title='bbox 1357 1980 1453 2019; x_wconf 88' lang='lat' dir='ltr'>anni</span> <span class='ocrx_word' id='word_1_254' title='bbox 1477 1995 1499 2020; x_wconf 82' lang='lat' dir='ltr'>a</span> 
     </span>
    </p>
   </div>
   <div class='ocr_carea' id='block_1_3' title="bbox 228 2037 1498 2081">
    <p class='ocr_par' dir='ltr' id='par_1_5' title="bbox 228 2037 1498 2081">
     <span class='ocr_line' id='line_1_31' title="bbox 228 2037 1498 2081; baseline 0.001 -1"><span class='ocrx_word' id='word_1_255' title='bbox 228 2039 350 2081; x_wconf 87' lang='lat' dir='ltr'>ToM.</span> <span class='ocrx_word' id='word_1_256' title='bbox 383 2039 460 2080; x_wconf 86' lang='lat' dir='ltr'><strong>III.</strong></span> <span class='ocrx_word' id='word_1_257' title='bbox 816 2038 858 2079; x_wconf 95' lang='lat' dir='ltr'>N</span> <span class='ocrx_word' id='word_1_258' title='bbox 1263 2037 1498 2081; x_wconf 84' lang='lat' dir='ltr'>consulibus</span> 
     </span>
    </p>
   </div>
   <div class='ocr_carea' id='block_1_4' title="bbox 170 2158 1502 2798">
    <p class='ocr_par' dir='ltr' id='par_1_6' title="bbox 170 2158 1502 2570">
     <span class='ocr_line' id='line_1_32' title="bbox 171 2158 1500 2203; baseline -0.001 -13"><span class='ocrx_word' id='word_1_259' title='bbox 171 2159 277 2202; x_wconf 87' lang='lat' dir='ltr'>[Idem</span> <span class='ocrx_word' id='word_1_260' title='bbox 305 2158 481 2191; x_wconf 84' lang='lat' dir='ltr'>observare</span> <span class='ocrx_word' id='word_1_261' title='bbox 510 2159 587 2191; x_wconf 86' lang='lat' dir='ltr'>licet</span> <span class='ocrx_word' id='word_1_262' title='bbox 610 2160 652 2191; x_wconf 87' lang='lat' dir='ltr'>ad</span> <span class='ocrx_word' id='word_1_263' title='bbox 682 2167 792 2198; x_wconf 82' lang='lat' dir='ltr'>voces,</span> <span class='ocrx_word' id='word_1_264' title='bbox 816 2161 922 2191; x_wconf 80' lang='lat' dir='ltr'>Patres</span> <span class='ocrx_word' id='word_1_265' title='bbox 939 2161 1099 2203; x_wconf 78' lang='lat' dir='ltr'>conscripti,</span> <span class='ocrx_word' id='word_1_266' title='bbox 1125 2170 1198 2201; x_wconf 87' lang='lat' dir='ltr'>cap.</span> <span class='ocrx_word' id='word_1_267' title='bbox 1227 2169 1322 2200; x_wconf 79' lang='lat' dir='ltr'>praec.</span> <span class='ocrx_word' id='word_1_268' title='bbox 1345 2159 1396 2200; x_wconf 54' lang='lat' dir='ltr'>E]</span> <span class='ocrx_word' id='word_1_269' title='bbox 1441 2159 1500 2200; x_wconf 85' lang='lat'>(3)</span> 
     </span>
     <span class='ocr_line' id='line_1_33' title="bbox 172 2204 1500 2248; baseline 0.002 -14"><span class='ocrx_word' id='word_1_270' title='bbox 172 2204 251 2237; x_wconf 88' lang='lat' dir='ltr'>vid.</span> <span class='ocrx_word' id='word_1_271' title='bbox 280 2212 350 2236; x_wconf 85' lang='lat' dir='ltr'>not.</span> <span class='ocrx_word' id='word_1_272' title='bbox 370 2214 399 2237; x_wconf 80' lang='lat'>2.</span> <span class='ocrx_word' id='word_1_273' title='bbox 429 2206 471 2237; x_wconf 90' lang='lat' dir='ltr'>ad</span> <span class='ocrx_word' id='word_1_274' title='bbox 491 2216 520 2237; x_wconf 84' lang='lat' dir='ltr'>c.</span> <span class='ocrx_word' id='word_1_275' title='bbox 537 2215 592 2246; x_wconf 85' lang='lat'>39.</span> <span class='ocrx_word' id='word_1_276' title='bbox 618 2207 638 2236; x_wconf 92' lang='lat' dir='ltr'>l.</span> <span class='ocrx_word' id='word_1_277' title='bbox 658 2216 687 2246; x_wconf 90' lang='lat'>3.</span> <span class='ocrx_word' id='word_1_278' title='bbox 712 2206 824 2248; x_wconf 72' lang='lat' dir='ltr'>supra.</span> <span class='ocrx_word' id='word_1_279' title='bbox 871 2206 928 2248; x_wconf 86' lang='lat'>(4)</span> <span class='ocrx_word' id='word_1_280' title='bbox 954 2207 1052 2237; x_wconf 80' lang='lat' dir='ltr'>Certe</span> <span class='ocrx_word' id='word_1_281' title='bbox 1071 2206 1246 2248; x_wconf 80' lang='lat' dir='ltr'>legendum</span> <span class='ocrx_word' id='word_1_282' title='bbox 1274 2213 1330 2236; x_wconf 85' lang='lat' dir='ltr'>aut</span> <span class='ocrx_word' id='word_1_283' title='bbox 1361 2206 1439 2236; x_wconf 81' lang='lat' dir='ltr'>mllle</span> <span class='ocrx_word' id='word_1_284' title='bbox 1451 2213 1500 2236; x_wconf 86' lang='lat' dir='ltr'>ta-</span> 
     </span>
     <span class='ocr_line' id='line_1_34' title="bbox 170 2249 1500 2294; baseline 0 -13"><span class='ocrx_word' id='word_1_285' title='bbox 170 2253 259 2288; x_wconf 79' lang='lat' dir='ltr'>lenta,</span> <span class='ocrx_word' id='word_1_286' title='bbox 281 2258 338 2282; x_wconf 88' lang='lat' dir='ltr'>aut</span> <span class='ocrx_word' id='word_1_287' title='bbox 355 2249 465 2293; x_wconf 72' lang='lat' dir='ltr'>potius</span> <span class='ocrx_word' id='word_1_288' title='bbox 481 2253 558 2282; x_wconf 81' lang='lat' dir='ltr'>mille</span> <span class='ocrx_word' id='word_1_289' title='bbox 573 2254 724 2294; x_wconf 66' lang='lat' dir='ltr'>quingenta</span> <span class='ocrx_word' id='word_1_290' title='bbox 741 2254 870 2287; x_wconf 67' lang='lat' dir='ltr'>talenta5</span> <span class='ocrx_word' id='word_1_291' title='bbox 898 2252 989 2292; x_wconf 90' lang='lat' dir='ltr'>quod</span> <span class='ocrx_word' id='word_1_292' title='bbox 1002 2250 1130 2282; x_wconf 87' lang='lat' dir='ltr'>librarii</span> <span class='ocrx_word' id='word_1_293' title='bbox 1144 2250 1225 2281; x_wconf 88' lang='lat' dir='ltr'>olim</span> <span class='ocrx_word' id='word_1_294' title='bbox 1251 2251 1414 2282; x_wconf 83' lang='lat' dir='ltr'>notabant</span> <span class='ocrx_word' id='word_1_295' title='bbox 1438 2261 1500 2292; x_wconf 88' lang='lat' dir='ltr'>per</span> 
     </span>
     <span class='ocr_line' id='line_1_35' title="bbox 174 2295 1500 2339; baseline -0.002 -10"><span class='ocrx_word' id='word_1_296' title='bbox 174 2298 232 2329; x_wconf 90' lang='lat' dir='ltr'>M.</span> <span class='ocrx_word' id='word_1_297' title='bbox 255 2298 353 2329; x_wconf 80' lang='lat' dir='ltr'>VCta.</span> <span class='ocrx_word' id='word_1_298' title='bbox 400 2295 489 2327; x_wconf 68' lang='lat' dir='ltr'>Infra</span> <span class='ocrx_word' id='word_1_299' title='bbox 506 2296 640 2338; x_wconf 87' lang='lat' dir='ltr'>quidem</span> <span class='ocrx_word' id='word_1_300' title='bbox 665 2308 691 2328; x_wconf 90' lang='lat' dir='ltr'>c.</span> <span class='ocrx_word' id='word_1_301' title='bbox 710 2307 765 2337; x_wconf 88' lang='lat'>32.</span> <span class='ocrx_word' id='word_1_302' title='bbox 790 2297 879 2328; x_wconf 85' lang='lat' dir='ltr'>mille</span> <span class='ocrx_word' id='word_1_303' title='bbox 896 2296 1022 2339; x_wconf 87' lang='lat' dir='ltr'>argenti</span> <span class='ocrx_word' id='word_1_304' title='bbox 1041 2296 1165 2327; x_wconf 83' lang='lat' dir='ltr'>talenta</span> <span class='ocrx_word' id='word_1_305' title='bbox 1190 2295 1225 2326; x_wconf 89' lang='lat' dir='ltr'>in</span> <span class='ocrx_word' id='word_1_306' title='bbox 1248 2296 1374 2328; x_wconf 86' lang='lat' dir='ltr'>Italiam</span> <span class='ocrx_word' id='word_1_307' title='bbox 1393 2297 1500 2327; x_wconf 87' lang='lat' dir='ltr'>trans-</span> 
     </span>
     <span class='ocr_line' id='line_1_36' title="bbox 172 2341 1499 2384; baseline -0.001 -10"><span class='ocrx_word' id='word_1_308' title='bbox 172 2342 336 2375; x_wconf 84' lang='lat' dir='ltr'>mittenda</span> <span class='ocrx_word' id='word_1_309' title='bbox 350 2352 426 2374; x_wconf 88' lang='lat' dir='ltr'>cum</span> <span class='ocrx_word' id='word_1_310' title='bbox 444 2343 592 2384; x_wconf 82' lang='lat' dir='ltr'>Nlagone</span> <span class='ocrx_word' id='word_1_311' title='bbox 618 2351 867 2375; x_wconf 83' lang='lat' dir='ltr'>memorantur:</span> <span class='ocrx_word' id='word_1_312' title='bbox 894 2342 948 2373; x_wconf 89' lang='lat' dir='ltr'>sed</span> <span class='ocrx_word' id='word_1_313' title='bbox 973 2342 1219 2373; x_wconf 87' lang='lat' dir='ltr'>observandum</span> <span class='ocrx_word' id='word_1_314' title='bbox 1245 2341 1299 2379; x_wconf 88' lang='lat' dir='ltr'>est,</span> <span class='ocrx_word' id='word_1_315' title='bbox 1322 2342 1434 2373; x_wconf 89' lang='lat' dir='ltr'>omnia</span> <span class='ocrx_word' id='word_1_316' title='bbox 1451 2342 1499 2373; x_wconf 85' lang='lat' dir='ltr'>ibi</span> 
     </span>
     <span class='ocr_line' id='line_1_37' title="bbox 174 2387 1500 2429; baseline -0.002 -9"><span class='ocrx_word' id='word_1_317' title='bbox 174 2388 305 2420; x_wconf 87' lang='lat' dir='ltr'>minora</span> <span class='ocrx_word' id='word_1_318' title='bbox 333 2387 522 2425; x_wconf 90' lang='lat' dir='ltr'>memorari,</span> <span class='ocrx_word' id='word_1_319' title='bbox 544 2391 645 2429; x_wconf 65' lang='lat' dir='ltr'>quam</span> <span class='ocrx_word' id='word_1_320' title='bbox 669 2388 733 2420; x_wconf 88' lang='lat' dir='ltr'>hoc</span> <span class='ocrx_word' id='word_1_321' title='bbox 761 2389 835 2420; x_wconf 87' lang='lat' dir='ltr'>loco</span> <span class='ocrx_word' id='word_1_322' title='bbox 859 2389 1098 2420; x_wconf 88' lang='lat' dir='ltr'>decernuntur.</span> <span class='ocrx_word' id='word_1_323' title='bbox 1148 2388 1205 2428; x_wconf 83' lang='grc'>(5)</span> <span class='ocrx_word' id='word_1_324' title='bbox 1228 2387 1403 2419; x_wconf 88' lang='lat' dir='ltr'>Vocabulo</span> <span class='ocrx_word' id='word_1_325' title='bbox 1431 2389 1500 2418; x_wconf 89' lang='lat' dir='ltr'>Ro-</span> 
     </span>
     <span class='ocr_line' id='line_1_38' title="bbox 175 2432 1500 2476; baseline -0.001 -11"><span class='ocrx_word' id='word_1_326' title='bbox 175 2445 276 2465; x_wconf 86' lang='lat' dir='ltr'>mano</span> <span class='ocrx_word' id='word_1_327' title='bbox 293 2432 400 2466; x_wconf 84' lang='lat' dir='ltr'>utitur</span> <span class='ocrx_word' id='word_1_328' title='bbox 423 2432 552 2471; x_wconf 84' lang='lat' dir='ltr'>Livius,</span> <span class='ocrx_word' id='word_1_329' title='bbox 574 2434 616 2465; x_wconf 86' lang='lat' dir='ltr'>ad</span> <span class='ocrx_word' id='word_1_330' title='bbox 628 2433 864 2476; x_wconf 73' lang='lat' dir='ltr'>designandum</span> <span class='ocrx_word' id='word_1_331' title='bbox 889 2432 1126 2475; x_wconf 86' lang='lat' dir='ltr'>imperatorem</span> <span class='ocrx_word' id='word_1_332' title='bbox 1156 2435 1305 2464; x_wconf 86' lang='lat' dir='ltr'>Poenum.</span> <span class='ocrx_word' id='word_1_333' title='bbox 1352 2433 1402 2464; x_wconf 91' lang='lat' dir='ltr'>Sic</span> <span class='ocrx_word' id='word_1_334' title='bbox 1421 2433 1500 2465; x_wconf 91' lang='lat' dir='ltr'>Gel-</span> 
     </span>
     <span class='ocr_line' id='line_1_39' title="bbox 174 2478 1502 2522; baseline 0 -11"><span class='ocrx_word' id='word_1_335' title='bbox 174 2479 239 2511; x_wconf 88' lang='lat' dir='ltr'>lius</span> <span class='ocrx_word' id='word_1_336' title='bbox 256 2480 276 2511; x_wconf 89' lang='lat' dir='ltr'>l.</span> <span class='ocrx_word' id='word_1_337' title='bbox 297 2489 348 2512; x_wconf 70' lang='grc' dir='ltr'>πο.</span> <span class='ocrx_word' id='word_1_338' title='bbox 377 2490 406 2512; x_wconf 92' lang='lat' dir='ltr'>c.</span> <span class='ocrx_word' id='word_1_339' title='bbox 432 2489 488 2518; x_wconf 86' lang='lat'>24.</span> <span class='ocrx_word' id='word_1_340' title='bbox 507 2480 549 2512; x_wconf 88' lang='lat' dir='ltr'>de</span> <span class='ocrx_word' id='word_1_341' title='bbox 565 2479 636 2522; x_wconf 87' lang='lat' dir='ltr'>ipso</span> <span class='ocrx_word' id='word_1_342' title='bbox 653 2479 855 2517; x_wconf 78' lang='lat' dir='ltr'>Hannibale,</span> <span class='ocrx_word' id='word_1_343' title='bbox 876 2490 916 2511; x_wconf 84' lang='lat' dir='ltr'>ex</span> <span class='ocrx_word' id='word_1_344' title='bbox 941 2478 1079 2511; x_wconf 88' lang='lat' dir='ltr'>Catonis</span> <span class='ocrx_word' id='word_1_345' title='bbox 1101 2478 1196 2521; x_wconf 86' lang='lat' dir='ltr'>Orig.</span> <span class='ocrx_word' id='word_1_346' title='bbox 1216 2480 1397 2511; x_wconf 62' lang='lat' dir='ltr'>Difiatmm</span> <span class='ocrx_word' id='word_1_347' title='bbox 1413 2481 1502 2511; x_wconf 86' lang='lat' dir='ltr'>Kar-</span> 
     </span>
     <span class='ocr_line' id='line_1_40' title="bbox 175 2526 1279 2570; baseline 0 -14"><span class='ocrx_word' id='word_1_348' title='bbox 175 2527 388 2570; x_wconf 71' lang='lat' dir='ltr'>thaginierfium</span> <span class='ocrx_word' id='word_1_349' title='bbox 404 2526 534 2570; x_wconf 53' lang='grc' dir='ltr'>»ηαξ-ἔβαν</span> <span class='ocrx_word' id='word_1_350' title='bbox 549 2528 668 2567; x_wconf 77' lang='lat' dir='ltr'>equitum</span> <span class='ocrx_word' id='word_1_351' title='bbox 686 2529 791 2557; x_wconf 80' lang='lat' dir='ltr'>monuit</span> <span class='ocrx_word' id='word_1_352' title='bbox 813 2526 876 2557; x_wconf 70' lang='grc' dir='ltr'>ὅτε.</span> <span class='ocrx_word' id='word_1_353' title='bbox 1277 2545 1279 2547; x_wconf 98' lang='grc'>-</span> 
     </span>
    </p>

    <p class='ocr_par' dir='ltr' id='par_1_7' title="bbox 175 2570 1501 2753">
     <span class='ocr_line' id='line_1_41' title="bbox 222 2570 1500 2614; baseline -0.001 -11"><span class='ocrx_word' id='word_1_354' title='bbox 222 2572 262 2603; x_wconf 92' lang='lat' dir='ltr'>C.</span> <span class='ocrx_word' id='word_1_355' title='bbox 295 2582 349 2610; x_wconf 89' lang='lat'>14.</span> <span class='ocrx_word' id='word_1_356' title='bbox 405 2573 462 2613; x_wconf 81' lang='lat'>(1)</span> <span class='ocrx_word' id='word_1_357' title='bbox 485 2571 672 2603; x_wconf 85' lang='lat' dir='ltr'>Vetabatur</span> <span class='ocrx_word' id='word_1_358' title='bbox 702 2571 810 2614; x_wconf 51' lang='lat' dir='ltr'>prisca</span> <span class='ocrx_word' id='word_1_359' title='bbox 836 2572 905 2614; x_wconf 86' lang='lat' dir='ltr'>lege</span> <span class='ocrx_word' id='word_1_360' title='bbox 934 2570 1080 2603; x_wconf 65' lang='lat' dir='ltr'>die‘tator</span> <span class='ocrx_word' id='word_1_361' title='bbox 1112 2581 1238 2612; x_wconf 84' lang='lat' dir='ltr'>equum</span> <span class='ocrx_word' id='word_1_362' title='bbox 1268 2570 1500 2603; x_wconf 84' lang='lat' dir='ltr'>conscendere.</span> 
     </span>
     <span class='ocr_line' id='line_1_42' title="bbox 176 2615 1501 2661; baseline 0 -13"><span class='ocrx_word' id='word_1_363' title='bbox 176 2616 269 2650; x_wconf 91' lang='lat' dir='ltr'>Plut.</span> <span class='ocrx_word' id='word_1_364' title='bbox 298 2617 333 2648; x_wconf 81' lang='lat' dir='ltr'>in</span> <span class='ocrx_word' id='word_1_365' title='bbox 364 2617 443 2649; x_wconf 85' lang='lat' dir='ltr'>Fab.</span> <span class='ocrx_word' id='word_1_366' title='bbox 480 2615 682 2658; x_wconf 58' lang='grc' dir='ltr'>,Ἀπόδειχέεις</span> <span class='ocrx_word' id='word_1_367' title='bbox 713 2616 867 2661; x_wconf 45' lang='lat' dir='ltr'>&amp;nevum-mg</span> <span class='ocrx_word' id='word_1_368' title='bbox 907 2617 1034 2653; x_wconf 61' lang='lat' dir='ltr'>spoessi&amp;</span> <span class='ocrx_word' id='word_1_369' title='bbox 1065 2629 1178 2661; x_wconf 57' lang='lat' dir='ltr'>orem-rou</span> <span class='ocrx_word' id='word_1_370' title='bbox 1201 2630 1253 2657; x_wconf 80' lang='grc' dir='ltr'>μεν</span> <span class='ocrx_word' id='word_1_371' title='bbox 1279 2619 1414 2650; x_wconf 60' lang='lat' dir='ltr'>vivunt-ro</span> <span class='ocrx_word' id='word_1_372' title='bbox 1447 2631 1501 2650; x_wconf 64' lang='grc' dir='ltr'>τὴν</span> 
     </span>
     <span class='ocr_line' id='line_1_43' title="bbox 175 2663 1500 2707; baseline 0 -14"><span class='ocrx_word' id='word_1_373' title='bbox 175 2671 359 2702; x_wconf 67' lang='grc' dir='ltr'><em>συγκλητον,</em></span> <span class='ocrx_word' id='word_1_374' title='bbox 384 2664 469 2704; x_wconf 67' lang='grc' dir='ltr'>ἵππῳ</span> <span class='ocrx_word' id='word_1_375' title='bbox 485 2663 715 2707; x_wconf 62' lang='grc' dir='ltr'>χξηθαι-παςοι</span> <span class='ocrx_word' id='word_1_376' title='bbox 733 2677 788 2698; x_wconf 72' lang='grc' dir='ltr'>τας</span> <span class='ocrx_word' id='word_1_377' title='bbox 807 2675 979 2707; x_wconf 55' lang='lat' dir='ltr'>argaei-zmar-</span> <span class='ocrx_word' id='word_1_378' title='bbox 995 2664 1024 2694; x_wconf 75' lang='grc' dir='ltr'>ἰυ</span> <span class='ocrx_word' id='word_1_379' title='bbox 1042 2677 1103 2706; x_wconf 64' lang='grc' dir='ltr'>γαρ</span> <span class='ocrx_word' id='word_1_380' title='bbox 1121 2664 1191 2701; x_wconf 68' lang='grc' dir='ltr'><strong>ἐξῆν,</strong></span> <span class='ocrx_word' id='word_1_381' title='bbox 1204 2666 1294 2694; x_wconf 69' lang='grc' dir='ltr'><strong><em>ἄλλοι</em></strong></span> <span class='ocrx_word' id='word_1_382' title='bbox 1312 2665 1500 2706; x_wconf 61' lang='grc' dir='ltr'>ἀπηγορευτο</span> 
     </span>
     <span class='ocr_line' id='line_1_44' title="bbox 178 2707 1500 2753; baseline 0 -15"><span class='ocrx_word' id='word_1_383' title='bbox 178 2721 264 2741; x_wconf 68' lang='grc' dir='ltr'>κατι</span> <span class='ocrx_word' id='word_1_384' title='bbox 279 2707 313 2743; x_wconf 69' lang='grc' dir='ltr'>δη</span> <span class='ocrx_word' id='word_1_385' title='bbox 331 2723 398 2741; x_wconf 72' lang='grc' dir='ltr'><strong><em>τινα,</em></strong></span> <span class='ocrx_word' id='word_1_386' title='bbox 414 2723 492 2751; x_wconf 68' lang='grc' dir='ltr'><strong><em>νυμον</em></strong></span> <span class='ocrx_word' id='word_1_387' title='bbox 510 2716 652 2749; x_wconf 70' lang='grc' dir='ltr'>παλαιον,</span> <span class='ocrx_word' id='word_1_388' title='bbox 674 2710 731 2742; x_wconf 56' lang='lat' dir='ltr'>iia-s</span> <span class='ocrx_word' id='word_1_389' title='bbox 747 2723 779 2742; x_wconf 80' lang='grc' dir='ltr'>κ.</span> <span class='ocrx_word' id='word_1_390' title='bbox 793 2723 824 2742; x_wconf 71' lang='grc' dir='ltr'>τ.</span> <span class='ocrx_word' id='word_1_391' title='bbox 839 2716 874 2743; x_wconf 81' lang='grc' dir='ltr'>λ.</span> <span class='ocrx_word' id='word_1_392' title='bbox 923 2708 1033 2753; x_wconf 80' lang='lat' dir='ltr'>Pergit</span> <span class='ocrx_word' id='word_1_393' title='bbox 1051 2708 1171 2742; x_wconf 88' lang='lat' dir='ltr'>deinde</span> <span class='ocrx_word' id='word_1_394' title='bbox 1188 2709 1386 2741; x_wconf 82' lang='lat' dir='ltr'>Plutarchus</span> <span class='ocrx_word' id='word_1_395' title='bbox 1404 2709 1500 2749; x_wconf 87' lang='lat' dir='ltr'>hujus</span> 
     </span>
    </p>

    <p class='ocr_par' dir='ltr' id='par_1_8' title="bbox 1265 2753 1500 2798">
     <span class='ocr_line' id='line_1_45' title="bbox 1265 2753 1500 2798; baseline -0.009 -12"><span class='ocrx_word' id='word_1_396' title='bbox 1265 2753 1500 2798; x_wconf 84' lang='lat' dir='ltr'>prohibitionis</span> 
     </span>
    </p>
   </div>
   <div class='ocr_carea' id='block_1_5' title="bbox 0 2389 13 2874">
    <p class='ocr_par' dir='ltr' id='par_1_9' title="bbox 0 2389 13 2874">
     <span class='ocr_line' id='line_1_46' title="bbox 0 2389 13 2874; baseline 0 225"><span class='ocrx_word' id='word_1_397' title='bbox 0 2389 13 2874; x_wconf 95' lang='lat' dir='ltr'> </span> 
     </span>
    </p>
   </div>
  </div>
 </body>
</html>
