1860 3099
416 190 644 234 LIBER
696 188 857 231 XXIII.
916 187 1069 229 CAP.
1116 187 1237 229 XVI.

1635 192 1709 232 181

225 310 344 351 XVI.
377 309 469 350 Hac
506 308 698 350 comitate
722 305 914 348 Marcelli
970 305 1100 345 erocis
1127 303 1289 361 juvenis
1325 302 1488 344 animus
1508 310 1646 342 Hanniba
1679 312 1720 341 ad

169 371 273 410 adeo
295 369 351 409 est
370 368 566 416 mollitus,
599 376 644 406 ut
660 380 783 406 nemo
805 365 899 405 inde
927 364 1127 404 sociorum
1147 378 1233 402 rem
1252 364 1486 402 Romanam
1507 359 1623 389 Wlffl-

171 426 321 468 fortius
357 441 403 467 ac
434 424 597 466 fidelius
622 425 788 480 juverit.
851 423 996 478 Quum
1027 421 1237 462 Hannibal
1269 422 1319 461 ad
1351 431 1489 475 portas

168 487 278 535 effet,
325 486 493 538 (Nolam
529 484 639 524 enirn
675 483 813 523 rursus
846 497 868 521 a
902 480 1084 521 Nuceria
1127 489 1310 520 moverat
1342 478 1488 534 castra)

167 544 385 599 plebesque
417 544 578 584 Nolana
609 543 658 582 de
695 542 856 596 integro
890 541 940 579 ad
971 538 1250 579 defecffionem
1273 537 1489 592 spefihiret,

169 603 397 643 Marcellus
420 601 490 642 sub
511 602 732 641 adventum
753 599 930 639 hostium
955 598 1060 637 intra
1086 611 1226 637 muros
1249 595 1287 636 se
1309 596 1490 650 recepit3

168 674 253 700 non
275 661 413 701 castris
435 671 638 708 metuens,
671 658 737 698 sed
759 672 810 698 ne
832 657 1053 712 prodendae
1090 655 1201 696 urbis
1236 654 1491 695 occaslollem

170 720 293 760 nimis
335 719 475 760 multis
521 718 563 758 in
595 732 684 757 eam
725 722 750 770 †
791 715 1103 756 imminentibus
1149 715 1276 754 daret.
1340 712 1491 752 Instrui

174 779 322 818 deinde
339 778 532 830 utrinque
550 777 657 817 acies
678 785 841 829 coeptae,
875 775 1163 814 Romanorum
1181 787 1255 827 pro
1285 771 1493 812 moenibus

171 836 310 887 Nolae,
343 837 569 876 Poenorum
591 843 684 874 ante
701 834 829 875 castra
854 833 934 873 sua.
958 832 1103 887 proelia
1124 831 1220 871 hinc
1243 844 1365 885 parva
1387 830 1494 870 inter

170 895 314 945 urbem
349 894 573 947 castraque,
605 896 646 934 &
680 893 792 933 vario
832 900 981 932 eventu
1008 890 1198 942 fiebant:
1243 889 1337 943 quia
1369 890 1496 930 duces

171 956 333 1006 nec(1')
360 952 576 1008 prohibere
609 966 763 1006 paucos
799 961 952 992 temere
985 959 1270 1004 provocantes,
1302 961 1376 988 nec
1399 948 1494 988 dare

173 1012 331 1067 lignum
383 1011 581 1060 universae
632 1025 782 1066 pugnae
827 1009 1032 1050 volebant.
1094 1008 1143 1048 In
1188 1007 1264 1047 hac
1318 1007 1497 1060 quotidi-

172 1071 248 1110 ana
270 1073 331 1125 (2)
354 1070 532 1110 duorum
549 1069 806 1110 exercituum
828 1068 998 1108 statione
1016 1066 1220 1121 principes
1236 1066 1497 1105 Nolanorum

173 1129 372 1169 nunciant
411 1129 632 1180 Marcello,
679 1128 880 1167 Noflurna
922 1127 1098 1180 colloquia
1131 1127 1231 1164 inter
1262 1126 1403 1177 plebem
1452 1140 1499 1164 ac

175 1186 415 1242 Paenosfleri
430 1205 442 1226 .·
463 1188 733 1244 statutumque
753 1187 829 1242 eff,
844 1193 902 1235 ut,
924 1201 1038 1239 quum
1059 1184 1233 1224 Romana
1254 1185 1350 1223 acies
1363 1184 1498 1238 egreffz

170 1248 293 1300 portis
309 1247 397 1295 iret,
425 1245 691 1299 impedimenta
712 1260 836 1284 eorum
871 1260 914 1283 ac
933 1243 1113 1295 stzrcinas
1142 1243 1362 1296 diripe’rent,
1394 1243 1499 1281 clam-

174 1305 305 1345 derent
340 1303 469 1344 deinde
497 1313 645 1358 portas,
680 1304 871 1358 murosque
902 1310 1139 1355 occuparent,
1182 1310 1239 1351 ut,
1286 1304 1309 1352 ‡
1334 1309 1500 1353 potentes

175 1379 304 1404 rerum
327 1364 495 1417 suarum
531 1364 592 1416 (3)
626 1370 737 1416 atque
773 1362 892 1411 urbis,
925 1361 1086 1400 Poenum
1123 1360 1208 1407 inde
1227 1370 1299 1413 pro
1333 1360 1501 1398 Romano

175 1423 396 1475 acciperent.
459 1420 563 1460 Haec
588 1420 657 1460 ubi
679 1419 872 1460 nunciata
894 1418 986 1458 sunt
1008 1419 1228 1469 Marcello,
1260 1417 1501 1458 collaudatis

176 1477 428 1527 senatoribus
450 1478 641 1528 Nolanis,
673 1478 907 1532 priusquam
932 1476 1078 1530 aliquis
1104 1487 1242 1516 motus
1277 1476 1388 1516 intus
1419 1475 1501 1515 ori-

176 1550 303 1587 retur,
335 1537 545 1577 fortunam
567 1551 716 1591 pugnae
738 1535 912 1590 experiri
935 1535 1087 1575 statuit.
1150 1535 1218 1574 Ad
1249 1544 1330 1574 tres
1363 1546 1500 1588 portas
1521 1538 1687 1569 Mart-ellus

177 1597 220 1638 in
249 1596 385 1637 hostes
419 1595 550 1636 versas
587 1593 791 1649 tripartito
822 1593 1048 1634 exercitum
1083 1593 1299 1633 instruxit:
1329 1593 1502 1647 impedi-

178 1665 316 1696 menta
348 1654 535 1708 subsequi
561 1654 698 1709 juffit:
731 1654 893 1693 calones
915 1652 1095 1706 lixasque
1131 1655 1169 1692 8(
1207 1651 1406 1692 invalidos
1427 1652 1504 1691 mi-

177 1715 268 1760 lites
289 1720 314 1767 †
331 1715 483 1754 vallum
513 1712 619 1754 ferre
635 1715 712 1767 (4).
739 1712 871 1752 media
893 1711 1008 1765 porta
1039 1711 1185 1751 robora
1222 1710 1436 1765 legionum
1461 1714 1503 1752 ὅτ

180 1773 396 1814 Romanos
411 1771 584 1825 equites,
603 1770 760 1811 duabus
777 1768 885 1811 circa
902 1770 1032 1824 portis
1043 1783 1170 1810 novos
1186 1769 1336 1810 milites
1355 1771 1506 1810 levem-

181 1845 261 1886 que
275 1842 525 1871 armaturam
547 1844 593 1870 ac
616 1829 817 1870 sociorum
833 1830 993 1882 equites
1012 1828 1162 1868 statuit.
1196 1828 1349 1868 Nolani
1365 1842 1506 1868 muros

181 1889 399 1946 portasque
414 1889 525 1929 adire
545 1888 659 1928 vetiti
678 1905 691 1937 3
726 1888 978 1941 subsidiaque
1000 1887 1197 1926 destinata
1234 1888 1296 1941 (5)
1333 1887 1507 1943 impedi-

180 1949 333 1989 mentis
350 1949 458 1996 data,
490 1961 558 1995 ne,
589 1947 800 2001 occupatis
836 1946 983 2000 proelio
1021 1945 1267 2000 legionibus,
1299 1946 1341 1984 in
1362 1960 1408 1985 ea
1431 1946 1508 1984 im-

182 2018 302 2062 petus
325 2006 454 2046 fieret.
479 2006 533 2045 ita
551 2005 739 2046 instruili
762 2006 867 2044 intra
889 2016 1027 2058 portas
1049 2003 1218 2044 stabant.
1268 2003 1511 2053 Hannibali,

184 2065 257 2106 sub
275 2065 393 2120 signis
409 2064 467 2118 (id
499 2066 609 2118 quod
641 2078 713 2118 per
730 2064 887 2117 aliquot
905 2063 991 2102 dies
1011 2062 1182 2114 fecerat)
1203 2062 1252 2101 ad
1281 2067 1303 2114 ἶ
1331 2063 1508 2101 multum

185 2124 266 2166 diei
291 2123 333 2166 in
355 2123 440 2165 acie
463 2122 599 2172 stanti,
631 2122 767 2179 primo
790 2122 989 2163 miraculo
1027 2121 1119 2171 effe,
1152 2120 1265 2176 qudd
1287 2134 1362 2161 nec
1395 2134 1511 2160 exer-

1404 2188 1510 2220 citus

1093 2298 1104 2312 Ι

234 2322 274 2354 C.
311 2321 366 2351 16.
412 2319 469 2361 (1)
493 2320 609 2362 Qum
639 2318 736 2361 pauci
764 2317 882 2361 injuffu
913 2318 1153 2359 imperatorum
1186 2324 1309 2348 temere
1342 2315 1511 2348 interdum

188 2366 359 2410 oppositos
378 2365 432 2397 libi
451 2366 555 2396 hostes
579 2372 814 2406 provocarent,
838 2375 892 2395 eos
910 2363 1087 2405 prohibere
1116 2364 1215 2394 duces
1241 2373 1310 2392 non
1340 2361 1425 2393 tanti
1451 2361 1513 2394 effe

190 2412 371 2445 ducebant.
417 2412 475 2453 (2)
499 2410 569 2441 Alii
586 2410 727 2447 continud,
750 2410 871 2451 quibus
896 2410 928 2440 δι
957 2409 1068 2450 plures
1095 2408 1224 2439 codices
1242 2410 1367 2440 favent.
1414 2409 1513 2440 Certe

179 2459 272 2498 statio
296 2464 435 2499 perpetua
466 2456 564 2498 supra
590 2456 634 2487 est
660 2456 679 2486 Ι.
715 2466 768 2488 10.
796 2467 822 2487 c.
844 2465 898 2487 21.
926 2454 1014 2494 statio
1046 2455 1150 2497 affidua
1181 2454 1269 2484 infra
1293 2452 1318 2484 1.
1339 2462 1392 2492 37.
1415 2464 1442 2485 c.
1463 2463 1516 2493 ¹5-

187 2504 246 2546 (3)
270 2505 428 2545 Suipotens
441 2501 523 2533 dixit
540 2500 639 2543 supr&
656 2501 679 2534 l.
702 2511 732 2532 1.
759 2512 789 2533 c'.
810 2510 865 2540 35.
918 2500 1173 2541 Contrisuarum
1186 2502 1318 2541 impotens
1336 2512 1431 2530 rerum
1445 2499 1468 2531 l.
1482 2508 1514 2540 9.

191 2561 221 2581 c.
238 2559 290 2586 14.
338 2550 395 2590 (4)
421 2548 536 2580 Plures
548 2547 650 2579 vallos
668 2548 767 2584 ferre,
781 2546 914 2588 quibus,
929 2544 950 2576 sl
963 2556 1046 2587 opus
1063 2544 1153 2582 esset,
1167 2545 1292 2576 vallum
1306 2544 1382 2576 strui
1402 2544 1518 2587 posset.

189 2596 247 2635 (5)
262 2595 296 2625 h.
311 2605 337 2626 e.
352 2601 454 2631 certa,
476 2595 568 2626 certo
584 2592 761 2624 constituta
773 2600 874 2633 atque
891 2591 933 2622 ad
950 2590 984 2622 id
1001 2589 1165 2633 alliguata.
1211 2589 1261 2621 Sic
1277 2593 1369 2632 opinio
1383 2591 1518 2633 distinata

193 2642 282 2671 infra
299 2640 320 2671 l.
341 2639 394 2671 28.
422 2651 449 2671 c.
471 2649 522 2677 14.
569 2638 641 2670 Cic.
658 2639 680 2672 l.
702 2648 733 2670 2.
758 2639 859 2669 Tusc.
879 2648 904 2668 c.
922 2646 951 2669 2.
973 2639 1056 2668 certis
1071 2637 1232 2678 quibusdam
1255 2637 1519 2679 destinatf'squefin-

193 2689 301 2719 tentiis.
349 2687 500 2731 Dcstiuare
532 2684 670 2729 proprie
698 2691 794 2716 notat
826 2683 970 2721 firmare,
1006 2682 1061 2715 seu
1087 2680 1226 2714 firmiter
1255 2680 1401 2725 alligare.
1450 2679 1522 2711 Alit

623 2742 626 2747 '
1408 2733 1520 2760 autem

1520 1584 1624 1615 vincit.
