1834 3099
134 152 213 204 ηδ

112 1617 214 1649 ‘’LK—lus
230 1619 288 1650 Ro·

109 1675 186 1694 mam
191 1677 251 1695 rum
256 1689 264 1698 .

199 1885 224 1932 †

860 145 914 187 T.
959 141 1155 187 L1V1'1

354 264 524 319 quisque
555 263 706 305 finibus
733 263 1039 318 per'exercitus
1071 263 1163 303 suos
1196 277 1289 303 cum
1323 262 1439 304 hoste
1464 264 1667 306 destinato

352 326 403 364 ab
426 323 563 364 senatu
583 324 732 364 bellum
748 334 922 378 gereret,
954 324 1189 363 audendum
1209 322 1362 376 aliquid
1388 323 1669 378 improvisum,

350 382 625 436 inopinatum,
667 383 777 437 quod
821 393 1005 437 coeptum
1041 396 1124 421 non
1159 381 1361 421 minorem
1403 384 1510 436 apud
1546 383 1670 432 cives,

351 440 475 496 quiim
511 440 660 491 hostes,
693 453 890 486 terrorem
912 440 1080 489 faceret,
1112 449 1390 494 perpetratum
1413 440 1454 480 in
1476 456 1668 497 magnam

349 499 532 540 laetitiam
569 514 622 541 ex
655 514 805 555 magno
841 510 954 540 metu
989 510 1192 547 verteret,
1241 498 1367 539 literis
1398 499 1669 541 Hasdrubalis

349 558 530 599 Romam
548 559 597 600 ad
620 559 803 600 senatum
825 558 963 610 miffis,
997 558 1111 599 fimul
1136 560 1172 599 &
1199 557 1280 612 ipse
1302 557 1443 599 Patres
1465 559 1666 614 conscrip-

349 628 427 666 tos,
458 617 556 672 quid
579 628 752 672 pararet,
785 621 945 666 edocet,
979 627 1041 668 ut,
1074 630 1203 670 quum
1239 616 1281 655 in
1303 617 1484 658 Umbria
1521 617 1560 658 se
1597 633 1666 658 oc-

349 675 562 716 cursurum
603 677 834 717 Hasdrubal
872 676 988 717 fratri
1020 675 1181 724 scribat,
1228 675 1431 729 legionem
1469 691 1491 715 a
1524 676 1667 731 Capufi

349 734 529 775 Romam
557 736 779 784 arcess‘ant3
810 738 872 790 (3)
891 735 1098 775 delee’tum
1134 735 1280 774 Romae
1312 734 1515 783 habeant3
1549 750 1668 776 exer-

346 793 474 833 citum
520 795 722 834 urbanum
763 796 811 834 ad
840 793 1032 833 Narniam
1065 792 1169 833 hosti
1201 803 1426 847 opponant.
1487 793 1591 834 Haec
1609 794 1667 834 se-

348 852 461 892 natui
477 851 633 906 scripta.
694 852 887 893 Praemiffi
904 852 1001 892 item
1020 867 1092 906 per
1112 866 1254 907 agrum
1276 852 1527 902 Larinatem,
1550 853 1667 893 Mar-

347 911 554 962 rucinum,
586 912 855 962 Frentanum,
884 911 1199 959 Praetutianum,
1230 912 1306 964 quei
1324 911 1548 951 exercitum
1566 914 1667 953 duc-

346 978 463 1009 turus
477 980 578 1018 erat,
611 981 655 1009 ut
676 984 818 1011 omnes
836 984 885 1009 ex
903 970 1008 1026 agris
1025 969 1273 1022 urbibusque
1310 980 1565 1011 commeatus
1593 986 1666 1025 pa⁴

345 1038 453 1068 ratos
487 1029 605 1068 militi
628 1030 678 1069 ad
706 1028 951 1068 vescendum
984 1028 1024 1067 in
1047 1028 1153 1067 viam
1175 1027 1397 1077 deferrent,
1429 1043 1557 1082 equos
1593 1030 1663 1085 ju-

344 1096 563 1142 mentaque
587 1087 661 1127 alia
680 1089 968 1142 producerent,
1006 1096 1050 1126 ut
1083 1085 1365 1126 vehiculorum
1403 1086 1508 1128 feffis
1543 1089 1662 1143 copia

341 1145 450 1185 effet.
513 1145 602 1202 Ipse
633 1147 682 1186 de
715 1156 801 1186 toto
822 1146 1006 1186 exercitu
1028 1145 1179 1185 civium
1215 1144 1518 1200 sociorumque,
1551 1148 1661 1200 quod

341 1203 499 1245 roboris
520 1215 621 1255 erat,
651 1205 816 1259 delegit,
848 1204 914 1244 sex
947 1204 1072 1244 millia
1107 1203 1308 1258 peditum,
1340 1204 1449 1244 mine
1481 1205 1663 1258 equites:

340 1263 601 1317 pronunciat,
647 1277 849 1318 occupare
884 1262 922 1303 se
962 1263 1003 1302 in
1041 1262 1219 1303 Lucanis
1250 1262 1483 1317 proximam
1514 1263 1661 1304 urbem

340 1320 628 1376 Punicumque
651 1323 692 1363 in
714 1324 759 1363 (ῖέ
781 1321 1011 1376 praefidium
1029 1322 1158 1370 velle3
1192 1331 1237 1361 ut
1258 1322 1307 1361 ad
1330 1321 1406 1362 iter
1426 1321 1556 1377 parati
1570 1337 1661 1362 om-

338 1394 409 1420 nes
426 1381 560 1421 essent.
623 1381 840 1423 Profedlus
861 1381 983 1421 nodie
1012 1379 1127 1420 flexit
1147 1380 1189 1420 in
1212 1379 1422 1421 Picenum.
1488 1383 1541 1420 Et
1562 1395 1662 1422 con·

336 1438 397 1478 sul
434 1439 618 1494 quidem,
651 1440 813 1495 quantis
836 1439 1025 1479 maximis
1047 1438 1260 1479 itineribus
1294 1448 1471 1492 poterat,
1503 1440 1553 1479 ad
1575 1441 1661 1480 col-

335 1498 469 1552 legam
503 1498 692 1550 ducebat,
724 1498 869 1540 relfflco
891 1498 1086 1558 QCatio
1123 1498 1270 1553 legam,
1304 1497 1374 1551 qui
1396 1497 1533 1538 castris
1554 1513 1660 1553 prae·

334 1557 442 1597 effer.

393 1615 550 1656 XLIV.
583 1615 732 1657 Romae
753 1615 863 1657 haud
901 1615 1037 1657 minus
1073 1614 1238 1655 terroris
1261 1629 1306 1655 ac
1329 1612 1532 1656 tumultus
1554 1625 1656 1666 erat,

335 1672 461 1728 quhm
482 1673 615 1714 fuerat
637 1677 698 1729 (1)
734 1673 900 1714 biennio
937 1673 1044 1722 ante,
1077 1688 1206 1727 quum
1243 1673 1369 1714 castra
1403 1675 1558 1715 Punica
1583 1674 1657 1716 ob-

328 1732 442 1788 je&a
474 1732 676 1773 Romanis
708 1732 915 1774 moenibus
948 1731 1155 1786 portisque
1185 1731 1361 1772 fuerant.
1394 1747 1528 1787 neque
1563 1733 1655 1774 satis

332 1790 542 1831 constabat
558 1791 719 1840 animis,
750 1801 833 1832 tam
857 1791 987 1831 audax
1012 1790 1086 1830 iter
1107 1790 1282 1831 consulis
1304 1791 1516 1831 laudarent
1548 1791 1656 1832 vitu-

330 1859 585 1905 perarentne.
650 1849 885 1906 Apparebat
907 1853 1006 1904 (quo
1025 1848 1126 1889 nihil
1148 1849 1328 1902 iniquius
1345 1849 1419 1904 est)
1435 1864 1484 1890 ex
1503 1861 1653 1891 eventu

329 1908 482 1948 famam
504 1907 755 1954 habiturum.
822 1907 952 1964 Ccstra
965 1916 1082 1961 prope
1098 1907 1351 1948 Hannibalem
1372 1907 1500 1963 hqstem
1522 1909 1651 1951 reliHa

309 1965 397 2022 fine
417 1967 507 2007 duce
526 1983 609 2008 cum
635 1968 816 2017 exercitu,
848 1968 910 2005 cui
940 1966 1267 2021 detffac‘lutnforet
1285 1981 1404 2018 omne,
1435 1967 1532 2021 quod
1551 1969 1650 2008 robo-

327 2027 397 2077 ris,
428 2026 525 2081 quod
526 2025 644 2081 floris
649 2025 782 2080 fuerit
799 2047 810 2071 ;
851 2024 903 2066 {⁶5³
923 2025 1098 2079 corfitlem
1121 2026 1160 2065 in
1177 2024 1354 2065 Lucanos
1373 2025 1548 2082 qstendff
1560 2027 1650 2078 iter,

325 2085 442 2139 quum
462 2086 649 2124 Picenum
670 2084 722 2126 ΕΒΓ
745 2083 912 2124 Galliam
927 2091 1085 2137 peteret,
1116 2083 1236 2138 cqstra
1253 2083 1516 2137 relinquentem
1539 2085 1648 2126 mdld

324 2142 404 2182 alid
425 2157 467 2181 re
479 2144 636 2192 tutiora,
667 2143 780 2196 qusz
801 2157 928 2182 errore
947 2141 1069 2196 hostis,
1102 2143 1166 2196 qui
1182 2141 1309 2181 ducem
1331 2141 1416 2181 inde
1444 2151 1555 2197 atque
1585 2159 1648 2184 ex-

324 2201 462 2241 ercitics
498 2203 560 2258 (2)
590 2209 741 2256 partem
782 2200 890 2264 alnjffi
919 2202 1121 2255 ignoraret.
1190 2199 1309 2261 Quid
1312 2200 1518 2257 futurum,
1532 2200 1576 2256 fi
1609 2202 1653 2243 id

1505 2260 1643 2314 palam

323 2386 365 2419 29
389 2388 417 2409 e·
434 2387 488 2421 19.
513 2379 679 2421 Scipr'onem,
700 2378 772 2419 quid
780 2379 810 2407 de
817 2375 972 2420 provincia?
983 2377 1121 2420 decffffit
1137 2376 1237 2419 injtgffia
1248 2375 1377 2418 senariis,
1393 2379 1534 2409 revocari.
1577 2379 1644 2410 Ne-

322 2434 386 2463 que
403 2432 510 2455 tamen
523 2431 593 2455 tum
613 2423 734 2465 legibus
752 2422 958 2465 prohibitum
978 2422 1079 2458 suine,
1105 2422 1228 2454 constat
1246 2433 1285 2453 ex
1302 2423 1325 2454 l.
1343 2421 1397 2462 36.
1415 2433 1441 2453 c.
1459 2432 1511 2464 39.
1539 2422 1638 2458 insui.

322 2469 434 2500 Postea
444 2471 526 2501 vero
541 2468 665 2511 legibus
681 2477 814 2500 cautum
832 2466 936 2504 fuisse,
959 2478 1000 2498 ne
1014 2467 1138 2504 liceret,
1161 2468 1256 2499 docet
1275 2467 1346 2499 Cic.
1365 2467 1399 2499 in
1416 2467 1521 2499 Pison.
1535 2479 1565 2499 c.
1587 2478 1641 2502 21.

321 2515 378 2555 (3)
391 2515 552 2546 Tutandae
566 2513 656 2545 urbis
669 2513 785 2553 caus33
810 2512 863 2546 cui
878 2515 956 2544 'una
982 2511 1068 2556 legio
1096 2512 1225 2544 hostilii
1241 2513 1367 2545 Tubuli
1392 2523 1461 2544 non
1493 2512 1641 2547 sufficere

321 2558 506 2590 videbatur.

367 2605 406 2636 C.
434 2604 554 2645 44.(1)
580 2605 680 2636 {mmo
693 2605 827 2642 triennio,
849 2602 872 2635 sx
894 2613 962 2635 non
980 2611 1196 2636 numerentur
1207 2611 1377 2641 extrema;
1401 2601 1643 2646 quinquennio,

322 2648 342 2682 fi
360 2659 475 2687 eorum
489 2648 574 2687 ratio
591 2649 762 2689 habeatur.
808 2649 865 2693 (ᾳ)
877 2648 954 2683 Vid.
972 2651 990 2691 †
998 2656 1074 2698 pars
1089 2659 1150 2697 pro
1163 2649 1308 2683 dimidio.
1325 2650 1364 2681 E.
1475 2695 1492 2737 (
1520 2696 1531 2738 )
1551 2696 1560 2726 ι
1587 2696 1602 2727 s
1617 2696 1637 2730 a

1497 2703 1513 2734 3
1563 2705 1584 2727 n
1601 2705 1624 2731 r·
