1840 3094
428 191 654 236 LIBER
703 191 846 233 XXII.
895 191 1052 234 CAP.
1102 190 1202 232 VII.

124 316 196 366 liz,
224 312 357 370 sparsa
388 311 486 367 fuga
507 324 580 366 per
602 324 771 350 omnem
788 309 1014 374 Etruriam,
1047 311 1110 363 (1)
1142 307 1305 349 diversis
1336 304 1458 347 itine-

123 374 236 416 ribus
290 372 434 413 urbem
480 370 648 425 petiere.
730 369 849 409 Mille
903 367 1120 434 quingenti
1171 367 1353 407 hostium
1415 364 1457 404 in

123 433 226 482 acie,
273 431 394 472 multi
454 429 594 483 postea
639 427 834 481 utrinque
885 429 950 481 (2)
997 430 1046 466 ex
1098 425 1336 466 vulneribus
1389 437 1460 477 pe-

125 492 242 531 riere.
306 501 332 542 †
378 487 605 542 Multiplex
663 487 796 527 caedes
859 485 1053 539 utrinque
1107 484 1219 524 faeta
1286 482 1462 524 traditur

127 550 180 590 ab
225 549 328 590 aliis.
398 547 504 601 Ego,
547 555 823 601 praeterquam
860 545 976 598 quod
1018 542 1122 583 nihil
1175 542 1368 583 lnustum
1410 555 1462 580 ex

128 622 234 648 vano
257 610 319 665 (3)
340 605 478 654 velim,
511 619 595 658 quo
636 604 760 644 nimis
796 603 999 643 inclinant
1034 602 1165 642 ferme
1197 600 1463 642 sciibeutium

130 666 274 716 animi,
297 675 322 717 †
354 664 528 706 Fabium
562 664 764 718 aequalem
799 661 1054 717 temporibus
1085 660 1254 717 hujusce
1274 659 1370 700 belli
1392 673 1466 712 po-

130 725 327 765 tiffimum
363 723 578 763 auetorem
619 721 760 762 habui.
833 720 1061 770 Hannibal,
1106 720 1365 775 captivorum
1394 716 1467 772 qui

131 783 274 826 Latini
302 781 483 823 nominis
512 781 653 830 effent,
686 781 767 820 fine
804 780 935 834 pretio
969 778 1151 829 dimiffis,
1184 777 1388 819 Romanis
1425 776 1469 816 in

133 843 298 884 vincula
329 841 452 892 datis,
484 839 692 895 segregata
725 854 776 880 ex
802 838 983 879 hostium
1026 848 1359 879 coacervatorum
1397 849 1470 875 cu-

135 902 260 943 mulis
293 913 467 954 corpora
503 899 672 940 suorum
710 912 841 953 quum
876 897 1033 952 sepeliri
1061 897 1244 953 jussiffet‚
1276 893 1470 936 Flaminii

134 973 304 1025 quoque
326 971 491 1023 corpus,
508 957 666 998 funeris
679 957 801 998 caus&
818 971 966 1012 magna
984 971 1079 996 cum
1100 970 1199 996 cura
1216 954 1471 1009 inquisitum,

137 1033 224 1060 non
257 1016 430 1058 invenit.
493 1017 658 1065 Romae,
691 1018 741 1056 ad
775 1017 956 1071 primum
986 1015 1188 1055 nuncium
1213 1013 1340 1055 cladis
1366 1013 1471 1068 eJuS,

138 1092 238 1120 cum
269 1076 427 1131 ingenti
463 1084 617 1116 terrore
638 1091 684 1116 ac
705 1077 887 1116 tumultu
909 1074 1132 1116 concursus
1166 1073 1209 1114 in
1240 1073 1379 1113 smum
1401 1085 1473 1126 po-

140 1136 229 1192 puli
265 1135 324 1176 est
361 1134 512 1175 faetus.
575 1135 782 1175 Matronae
824 1148 936 1187 vagae
980 1147 1054 1187 per
1094 1133 1193 1181 vias,
1231 1147 1326 1187 quae
1355 1134 1379 1183 ss
1413 1144 1476 1170 re-

142 1209 244 1252 pens
267 1197 330 1249 (4)
352 1194 488 1234 clades
516 1194 651 1242 allata,
684 1207 827 1247 quaeve
854 1191 1021 1232 fortuna
1041 1190 1245 1233 exercitus
1263 1191 1373 1240 ess'et,
1405 1189 1479 1229 ob-

145 1254 236 1296 vios
273 1251 613 1319 Rercun&antur.
648 1263 690 1292 et
711 1266 841 1305 quum
863 1250 1092 1305 fiequentis
1115 1250 1326 1292 concionis
1354 1249 1480 1290 modo

145 1313 267 1354 turba
289 1311 331 1351 in
353 1310 568 1351 comitium
590 1312 654 1366 (5)
689 1321 730 1351 et
771 1309 928 1351 curiam
967 1310 1079 1350 versa
1120 1309 1379 1364 magistratus
1410 1322 1484 1348 vo-

147 1380 286 1419 caret;
339 1370 507 1409 tandem
576 1368 688 1409 haud
758 1370 892 1409 multo
962 1379 1056 1409 ante
1128 1368 1222 1409 solis
1293 1365 1485 1408 occasum

150 1431 218 1472 M.
250 1428 509 1483 Pomponius
561 1438 727 1481 praetor‚
781 1428 944 1482 Pugnd,
995 1426 1146 1481 inquit,
1198 1428 1339 1481 magnai
1391 1426 1487 1465 vic‘e'i

138 1489 306 1548 sumus.-
354 1497 411 1539 et,
461 1500 701 1540 quanquam
750 1485 854 1526 nihil
915 1486 1067 1531 certius
1115 1499 1165 1526 ex
1197 1499 1246 1525 eo
1298 1484 1488 1524 auditum

151 1546 228 1598 est,
280 1557 420 1586 tamen
470 1544 573 1587 alius
619 1544 669 1585 ab
719 1545 797 1585 alio
846 1544 1005 1599 impleti
1065 1558 1197 1585 rumc
1194 1543 1300 1588 ibus
1342 1548 1490 1584 domos

154 1606 344 1648 referunt
365 1606 446 1660 (6),
477 1604 662 1661 consulem
696 1619 777 1644 cum
809 1605 950 1658 magna*
986 1612 1101 1655 parte
1120 1605 1344 1656 copiarum
1349 1604 1489 1657 [sum.-

146 1664 339 1724 supereff’
355 1671 510 1716 paucos,
541 1671 610 1703 aut
616 1663 726 1718 sagr}
743 1661 838 1717 pqff
824 1679 874 1703 m
888 1673 961 1717 per
982 1663 1194 1707 Etruriam
1216 1661 1390 1723 sparsos,
1424 1670 1493 1702 aut

163 1731 291 1777 captos
313 1723 363 1763 ab
379 1721 493 1787 hoste.
517 1724 579 1777 (7)
603 1712 721 1780 Qot
743 1721 858 1762 casus
880 1720 1085 1763 exercitus
1104 1720 1203 1762 vie'li
1220 1733 1402 1771 inerant,
1433 1730 1497 1761 tot

157 1781 202 1823 in
218 1795 337 1822 curas
358 1780 557 1835 dispertiti
579 1794 724 1825 eorum
746 1779 874 1820 animi
901 1790 1036 1832 erant,
1068 1793 1247 1847 qtmrum
1272 1779 1496 1836 propinqui

159 1840 233 1881 sub
255 1839 304 1880 C.
325 1839 530 1880 Flaminio
553 1839 768 1891 consule-1
790 1849 1042 1889 meruerant,
1074 1838 1371 1894 ignorantium,
1401 1853 1496 1892 quae

159 1897 360 1955 cujusque
379 1898 546 1940 suorum
564 1897 731 1939 fortuna
748 1898 857 1939 effet.
889 1913 966 1940 nec
988 1898 1203 1952 quisquam
1222 1897 1314 1938 satis
1336 1909 1502 1937 certum

161 1957 302 2008 habet,
334 1956 434 2011 quid
471 1967 540 1996 aut
576 1956 722 2011 speret,
755 1967 826 1998 aut
859 1957 1015 2000 timeat.
1077 1957 1262 2006 Postero,
1296 1970 1341 1997 ac
1382 1941 1499 1999 dein-

161 2030 261 2072 ceps
282 2016 438 2070 aliquot
475 2015 635 2067 diebus,
667 2017 718 2057 ad
755 2027 893 2071 portas
926 2017 1058 2073 major
1094 2020 1222 2072 prope*
1259 2014 1498 2065 mulierum,

213 2112 252 2143 C.
271 2121 300 2151 7.
324 2111 380 2154 (1)
406 2112 485 2144 Duo
501 2110 630 2143 codices
659 2110 783 2142 habent
815 2112 937 2151 averfis‚
959 2111 990 2143 h.
1008 2123 1035 2144 e.
1063 2111 1237 2143 itineribus
1264 2110 1367 2143 deviis
1396 2117 1428 2142 et
1454 2109 1501 2141 se-

167 2157 378 2196 cretioribus,
400 2152 520 2189 averfis
537 2169 555 2188 a
571 2156 624 2189 via
637 2156 771 2190 militari
785 2168 823 2189 ac
841 2157 939 2199 regia.
987 2160 1025 2189 Et
1044 2157 1167 2189 hanel
1167 2157 1319 2189 &tionem
1332 2156 1395 2187 viii
1409 2155 1502 2188 docti

169 2202 329 2246 probant.
375 2203 432 2245 (2)
456 2203 559 2234 Reffl:
576 2202 707 2233 monuit
726 2203 920 2234 Peiizonius
938 2203 1000 2235 hoc
1027 2218 1055 2234 u
1046 2207 1156 2245 ‘rinque
1173 2203 1350 2235 delendum
1368 2200 1440 2239 esse,
1464 2209 1502 2233 ut

171 2259 211 2280 ex
247 2249 402 2290 sequente
419 2255 543 2284 ortum.
590 2246 657 2279 Hic
672 2249 713 2279 de
726 2248 799 2279 solis
817 2248 924 2279 Poenis
943 2249 1008 2291 agit
1033 2249 1158 2280 Livius.
1202 2250 1260 2290 (3)
1285 2248 1317 2279 11.
1336 2259 1365 2279 e.
1390 2258 1427 2278 ex
1452 2247 1504 2278 in-

171 2302 278 2326 certo.
325 2292 433 2336 Suprfz
445 2293 467 2324 l.
481 2304 510 2331 4.
535 2304 563 2324 c.
583 2303 634 2333 13.
658 2306 690 2323 ne
716 2297 791 2336 cujus
815 2297 915 2325 incerti
942 2298 1067 2336 vanique
1092 2300 1189 2325 αικέῗον
1203 2295 1274 2338 ([[ἶϊ.
1324 2293 1430 2325 Nimis
1447 2303 1506 2324 au-

174 2347 245 2372 tem
259 2338 422 2370 inclinant
440 2340 545 2371 ferme
561 2338 777 2371 scribentium
791 2339 892 2371 animi
918 2342 958 2371 ad
987 2351 1037 2371 res
1069 2341 1247 2371 tradendas
1269 2351 1307 2371 ex
1324 2338 1506 2372 levioribus

175 2385 372 2417 :meroribus
402 2383 540 2423 haustas.
587 2384 643 2425 (4)
669 2384 866 2427 Repentina.
893 2386 978 2416 Mox
997 2396 1070 2427 cap.
1089 2386 1154 2426 seq.
1173 2394 1266 2428 repens
1281 2389 1341 2416 alla
1357 2388 1507 2416 nunciatur

175 2433 282 2462 clades.
332 2431 389 2471 (5)
413 2429 598 2462 Comitium
616 2428 680 2460 fuit
697 2440 773 2472 pars
791 2430 854 2461 fori
871 2430 1026 2468 Romani,
1049 2430 1101 2461 cui
1119 2442 1239 2462 nomen
1269 2431 1310 2462 ab
1342 2441 1393 2466 e0,
1416 2431 1508 2472 quod

177 2476 259 2508 illuc
288 2475 433 2518 primum
463 2475 609 2517 populus
625 2477 797 2507 Romanus
813 2476 1023 2514 comitiorum
1043 2476 1139 2508 causa
1155 2477 1333 2508 convenire
1349 2483 1508 2518 coeperat.

178 2522 279 2560 Unde
291 2528 323 2552 et
337 2520 471 2553 comitia
485 2521 634 2559 Curiata,
656 2531 731 2562 quae
753 2521 902 2552 omnium
930 2521 1151 2562 antiquisiima
1167 2522 1253 2560 sunt,
1276 2522 1308 2554 in
1327 2535 1365 2554 eo
1382 2523 1510 2564 semper

178 2567 256 2598 loco
289 2566 405 2605 haberi
433 2566 592 2599 solebant.
642 2566 755 2599 Primo
786 2568 876 2599 tedio
909 2576 1082 2600 caruerat:
1109 2568 1232 2599 tastum
1266 2571 1347 2600 vero
1375 2569 1507 2602 demum

182 2622 273 2650 anno
289 2623 321 2643 u.
338 2623 365 2644 c.
381 2621 461 2651 544.
511 2612 589 2643 Vid.
606 2611 694 2643 infra
726 2612 749 2643 l.
769 2621 824 2651 27.
850 2624 878 2645 c.
898 2614 952 2652 36.
1000 2614 1054 2656 (6)
1080 2613 1180 2644 Domi
1209 2613 1272 2645 suis
1301 2613 1510 2647 renunciant.

184 2658 332 2699 ὃῦρῒὲί.
353 2667 382 2696 7.
405 2668 434 2688 c.
448 2666 504 2697 32.
542 2658 612 2689 H5c
634 2659 772 2700 legatione
797 2660 917 2690 Rumam
947 2659 1050 2690 νι1.ιί’·.
1099 2660 1156 2701 (⁷)
1180 2659 1271 2691 Varii
1300 2659 1391 2691 casus
1420 2668 1511 2690 excr-

184 2701 271 2738 citus
288 2702 368 2734 vie’ti
386 2705 542 2735 fuerant:
569 2703 622 2734 alii
649 2704 728 2741 caefi,
749 2703 804 2735 alii
832 2703 921 2746 capti
952 2712 1057 2742 erant,
1079 2705 1214 2746 quidam
1240 2704 1418 2743 vulnerati,
1439 2703 1515 2745 qui-

186 2749 264 2789 ,dam
281 2747 400 2790 integri
416 2759 456 2780 ex
473 2747 589 2790 proelio
603 2748 799 2791 effugerant.
846 2749 1005 2783 Totidem
1030 2750 1072 2795 ig·
1077 2759 1132 2784 tur
1153 2750 1194 2784 in
1226 2761 1320 2784 curas
1348 2748 1513 2793 dispertiti

186 2800 282 2834 ‚erant
298 2793 399 2827 animi
414 2792 697 2842 propinquorum.

1384 2852 1512 2896 quam.

1491 1061 1520 1090 R
1525 1070 1587 1092 omae
1601 1069 1683 1100 mag·

1494 1119 1541 1138 nui
1532 1120 1544 1136 s
1557 1113 1615 1137 terr
1622 1117 1667 1136 01-
