1834 3099
221 165 303 208 194
955 143 1009 186 T.
1042 141 1079 185 L
1096 141 1115 184 Ῑ
1129 141 1170 186 V
1184 141 1202 184 I
1219 140 1239 182 I

426 262 581 321 fugerit
603 262 777 311 navibus,
809 261 982 316 majorem
1004 274 1134 300 curam
1155 258 1230 315 ff,
1262 254 1374 311 quhm
1390 253 1601 309 Ilergetum.
1618 253 1748 309 quippe

441 322 517 361 illic
556 320 607 362 Εἴ
641 321 766 360 ducem
802 318 1172 373 Karthaginienst’m,
1205 316 1258 357 ἐῢ·
1277 322 1602 370 quantumcunque
1621 313 1748 354 Puni·

439 394 525 420 cum
539 377 747 434 prqfidium
781 378 842 434 effe
856 399 869 423 ;
902 377 965 417 hic
997 377 1170 423 latrones,
1201 374 1456 426 latronumque
1475 372 1594 413 duces.
1616 372 1748 425 quibus

442 446 484 478 ut
499 437 552 477 ad
563 435 786 491 populandos
791 434 1048 490 finit1‘morum
1069 447 1195 489 agros,
1224 435 1388 485 temque
1408 430 1566 482 urenda,
1599 429 1652 472 ΕΒ*
1681 445 1748 470 ra-

433 495 571 550 pienda
587 506 716 549 pecora
737 495 864 548 aliqua
879 494 939 533 vis
942 492 1014 547 fit,
1046 493 1099 533 ita
1119 493 1156 531 in
1173 491 1250 530 acie
1269 505 1312 529 ac
1315 488 1440 544 signis
1455 490 1593 530 collatis
1605 488 1745 528 nullam

439 554 516 610 ff.
533 555 653 608 magis
673 553 860 596 velocitate
879 552 932 592 ad
948 551 1109 608 fugam,
1141 549 1254 603 qubm
1286 549 1406 588 armis
1431 546 1572 604 fretos,
1595 559 1744 601 pugna·

441 622 544 652 turos
565 612 638 668 ff'·
699 611 832 665 Iz‘aque
864 625 947 658 non,
979 609 1074 664 quod
1095 609 1211 649 ullum
1246 606 1330 648 inde
1355 606 1579 660 periculum,
1609 603 1747 661 autfi-

441 685 522 710 men
544 671 696 725 majoris
711 670 792 709 belli
804 668 947 719 videat,
978 667 1052 708 ideo
1055 668 1114 723 fi,
1141 667 1357 720 priusquam
1364 664 1572 720 provincie?
1585 664 1746 717 decedat,

439 728 689 782 opprimendos
720 728 891 782 Ilergetes
918 726 1079 781 duxiffi’:
1097 725 1170 779 fid
1180 722 1360 777 pr‘imicm‚
1391 738 1436 763 ne
1468 724 1648 777 impunita
1668 732 1746 764 tam

392 811 398 820 =
429 787 612 842 scelerata
646 786 795 843 dffecffio
833 785 911 840 effet
927 802 938 824 :
970 776 1112 834 deinde,
1145 798 1188 822 ne
1219 783 1302 837 quis
1333 782 1372 820 in
1395 781 1614 834 provincia‘,
1626 779 1752 836 simul

436 846 588 885 ,virtute
606 846 717 884 tantd
743 842 988 899 &filicitate
997 842 1224 896 pet-domitii,
1255 840 1406 880 reliffius
1418 839 1522 896 hqstis
1540 839 1614 880 dici
1619 841 1749 898 pofflt.

442 901 608 942 Proinde
632 907 647 952 11
668 903 764 942 Deis
788 902 873 941 bene
879 901 1109 956 juvantibus
1122 901 1384 955 fiqtcerentur,
1415 913 1483 938 non
1503 906 1581 938 tam
1599 898 1652 939 ad
1674 899 1747 938 bel-

439 961 520 1000 lum
529 960 744 1015 gerendum,
777 961 906 1013 (neque
923 960 1018 999 enim
1039 973 1121 998 cum
1127 959 1225 1012 pari
1243 956 1332 1013 hcfi‘e
1345 965 1528 997 certamen
1541 957 1620 1014 ff)
1632 957 1746 1012 quhm

442 1018 494 1059 ad
510 1017 725 1072 expetendas
741 1017 789 1057 ab
805 1016 1008 1056 hominibus
1015 1017 1174 1074 stelqstis
1184 1030 1332 1070 poerms.

500 1075 704 1119 XXXIII.
739 1074 805 1115 Ab
838 1075 915 1115 hac
949 1074 1132 1114 oratione
1154 1073 1330 1113 dimiffos
1351 1072 1402 1113 ad
1423 1072 1499 1113 iter
1517 1071 1555 1113 se
1580 1086 1746 1128 compa-

440 1149 528 1175 rare
551 1134 592 1173 in
613 1134 722 1174 diem
743 1131 948 1187 posterum
965 1132 1096 1188 jubet,
1127 1131 1413 1186 profefiusque
1434 1131 1602 1173 decimis
1621 1136 1637 1182 ΙΙ
1663 1131 1749 1172 cas-

441 1192 512 1234 tris
526 1191 710 1247 pervenit
729 1192 778 1232 ad
795 1190 958 1232 Iberum
977 1190 1142 1231 flumen.
1202 1189 1318 1238 Inde,
1335 1191 1397 1244 (1)
1415 1188 1599 1243 superato
1619 1190 1747 1240 amni,

440 1252 506 1292 die
524 1260 669 1306 quarto
697 1249 738 1290 in
759 1248 980 1304 conspeetu
997 1248 1173 1290 hostium
1197 1247 1330 1303 posuit
1360 1247 1500 1288 castra.
1561 1249 1745 1302 Campus

222 1303 354 1360 Ifiljpam·
436 1315 460 1362 -n
486 1308 578 1351 ante
609 1307 816 1349 montibus
837 1305 946 1349 circu
978 1307 1113 1362 septus
1133 1316 1231 1347 erat.
1253 1305 1295 1346 in
1317 1319 1407 1347 eam
1442 1306 1746 1361 vallem>Scipio

216 1354 300 1383 '¹⁶²¹'
438 1382 569 1423 quum
597 1381 760 1423 pecora,
789 1377 902 1421 rapta
938 1367 1129 1420 pleraque
1150 1378 1200 1406 ex
1220 1363 1397 1406 hostium
1418 1365 1541 1419 agris,
1571 1365 1743 1420 propelli

436 1428 488 1468 ad
511 1426 747 1467 irritandam
779 1423 983 1466 feritatem
1005 1427 1068 1479 (2)
1095 1422 1359 1465 barbarorum
1393 1422 1572 1479 juffiffet,
1602 1423 1743 1465 velites

437 1484 610 1528 subfidio
643 1483 760 1524 mifit.
783 1497 805 1524 a
841 1481 990 1538 quibus
1022 1482 1090 1523 ubi
1130 1495 1202 1536 per
1226 1487 1242 1532 Η
1266 1481 1610 1536 procursationem
1630 1496 1745 1524 com..

437 1543 549 1584 miffa
569 1557 705 1598 pugna
724 1541 836 1592 esset,
866 1541 1041 1582 Laelium
1062 1553 1158 1581 cum
1178 1539 1361 1594 equitatu
1383 1539 1583 1594 impetum
1603 1554 1652 1581 ex
1673 1555 1743 1582 oc-

434 1602 550 1641 culto
567 1600 700 1641 facere
716 1599 845 1655 jubet.
906 1598 1033 1640 Mons
1059 1597 1289 1654 opportune
1306 1597 1540 1652 prominens
1555 1598 1742 1653 equitum

435 1658 598 1700 infidias
634 1657 759 1699 texit:
789 1670 865 1698 nec
887 1658 968 1697 ulla
988 1671 1102 1698 mora
1132 1669 1281 1712 pugnae
1311 1655 1420 1697 facita
1441 1656 1512 1699 est.
1570 1657 1745 1713 Hispani

436 1716 479 1757 iu
513 1715 729 1770 conspe&a
769 1715 912 1770 procul
948 1729 1111 1769 pecora,
1141 1714 1281 1755 velites
1309 1715 1350 1754 in
1373 1714 1576 1770 Hispanos
1607 1717 1743 1771 praeda

435 1785 657 1828 occupatos
677 1774 895 1814 incurrere.
918 1773 1059 1814 Primo
1077 1771 1282 1813 missilibus
1303 1773 1552 1815 territavere:
1578 1775 1742 1828 deinde,

436 1833 582 1873 emissis
599 1831 754 1873 levibus
774 1831 881 1884 telis,
912 1845 1003 1886 quae
1024 1831 1178 1872 irritare
1195 1830 1342 1885 magis,
1372 1830 1495 1885 quhm
1510 1833 1742 1885 decernere,

437 1905 618 1946 pugnam
651 1899 853 1944 poterant,
884 1890 1039 1945 gladios
1061 1890 1232 1938 nudant,
1267 1891 1305 1930 8<
1327 1894 1350 1942 ἶ
1371 1890 1519 1930 collato
1554 1892 1656 1945 pede
1677 1907 1740 1934 res

435 1958 575 2003 coeptu
605 1948 691 2004 geri
721 1948 806 1988 est:
838 1947 1063 2002 ancepsque
1095 1946 1278 2002 pedestre
1309 1957 1515 1989 certamen
1536 1959 1637 1999 erat,
1667 1951 1739 1996 nifi

435 2007 594 2061 equites
614 2005 936 2061 supervenissent.
960 2019 1091 2060 neque
1112 2019 1162 2046 ex
1183 2004 1347 2047 adverso
1369 2009 1531 2048 tantum
1547 2006 1646 2048 illati
1666 2008 1740 2050 ob·

435 2065 522 2106 vios
541 2069 565 2118 ss
586 2064 800 2114 obtrivere,
832 2064 898 2104 sed
929 2063 1195 2105 circumvecti
1231 2063 1354 2104 etiam
1390 2064 1556 2118 quidam
1576 2079 1649 2120 per
1676 2067 1739 2108 in·

436 2122 533 2164 fima
553 2121 716 2165 clivi.ab
737 2132 849 2177 tergo
881 2122 935 2171 se,
966 2131 1012 2162 ut
1032 2121 1242 2175 plerosque
1264 2121 1596 2175 intercluderent,
1625 2124 1737 2181 obje-

434 2192 578 2222 cerunt
597 2197 606 2222 :
637 2180 846 2236 majorque
869 2181 998 2220 caedes
1013 2180 1105 2230 fuit,
1136 2178 1260 2234 quum
1280 2191 1474 2234 quantam
1495 2181 1614 2222 edere
1635 2183 1737 2226 levia

431 2253 505 2294 per
524 2238 777 2281 excursiones
798 2238 941 2294 proelia
959 2238 1099 2280 solent.
1160 2239 1224 2279 Ira
1240 2237 1369 2294 magis
1388 2239 1554 2282 accensa
1570 2240 1734 2284 adverso

1587 2300 1733 2352 proelio

474 2416 511 2447 C.
529 2424 581 2456 33.
604 2414 660 2456 (1)
672 2412 760 2446 Hinc
773 2412 940 2456 colligitur
956 2413 1117 2455 Ilergetes,
1142 2413 1184 2445 ad
1198 2413 1316 2445 famam
1338 2413 1543 2446 adventantis
1560 2416 1608 2446 Sci
1637 2413 1732 2454 ionio,

428 2470 467 2491 cx
481 2461 714 2491 Sedetanorum
739 2469 816 2502 agro
834 2458 867 2489 in
894 2459 949 2490 sua
966 2458 1100 2490 rediisse.
1148 2461 1239 2490 Ami
1265 2469 1327 2501 pro
1343 2471 1425 2490 amne
1452 2459 1567 2502 sa‘pius
1586 2426 1632 2491 esi²
1642 2461 1730 2503 apud

428 2504 584 2543 Liviklm3
608 2513 644 2536 ut
670 2505 765 2546 supra
782 2504 802 2534 l.
828 2504 856 2534 8.
881 2515 908 2534 c.
927 2513 979 2540 24.
1001 2504 1162 2534 Acherunte
1175 2507 1266 2535 amni.
1289 2504 1374 2536 insti
1388 2505 1407 2536 l.
1425 2513 1477 2544 32.
1492 2514 1519 2535 c.
1540 2508 1733 2549 ladit-empti

427 2553 511 2580 medio
534 2553 622 2581 amni·
668 2549 720 2581 Sic
737 2552 750 2591 u
769 2547 847 2590 ‘l‘ff
860 2559 919 2589 pro
935 2547 1039 2590 clqffe;
1065 2551 1126 2589 igni
1143 2558 1203 2589 pro
1219 2551 1285 2589 {gne
1300 2549 1396 2591 supr&
1420 2545 1445 2581 i.
1464 2558 1490 2580 1.
1503 2559 1531 2580 c.
1549 2559 1603 2587 4¹·
1616 2550 1677 2581 &L
1696 2561 1727 2589 4.

427 2604 455 2626 c.
476 2603 507 2636 9.
520 2596 606 2627 imbri
619 2604 680 2637 pro
696 2596 784 2627 imbre
801 2594 825 2627 l.
848 2602 900 2627 21.
916 2603 945 2625 c.
962 2594 1015 2634 56.
1061 2593 1117 2635 (2)
1128 2593 1216 2625 Infra
1233 2594 1256 2626 l.
1275 2594 1328 2635 38.
1341 2606 1367 2626 c.
1385 2597 1556 2636 370faritas
1568 2598 1729 2628 immanium

1421 2648 1424 2651 ·
1529 2640 1724 2674 barbarorum.
