1834 3099
318 155 546 198 LIBER
596 155 777 200 XXVII.
831 155 988 199 CAP.
1041 156 1162 202 XVI.
1547 170 1624 206 iet

68 271 320 324 ‚taccidebat
360 275 497 321 sonus,
528 274 720 315 traducit.
752 274 922 327 Fabius,
957 290 1086 330 quum
1128 278 1167 317 8<
1209 273 1260 317 ex
1293 284 1397 318 tem-

64 331 176 384 poris
193 332 321 387 spatio
337 336 377 376 &
401 348 450 374 ex
474 333 630 374 filentio
646 332 731 388 ipso
754 332 903 388 (quod,
924 333 994 375 ubi
1016 336 1155 389 paullo
1176 334 1399 387 antessstre-

64 388 217 443 pebant
246 394 470 434 excitantes
504 390 775 446 vocantesque
796 394 846 433 ad
869 407 998 444 arma,
1031 394 1126 434 inde
1159 395 1272 434 nulla
1291 395 1399 436 acci-

66 447 188 490 debat
223 455 321 508 vox)
361 453 558 492 deductas
599 450 802 491 custodias
823 450 1025 501 senfiffet3
1059 450 1156 493 ferri
1179 452 1303 493 scalas
1343 455 1396 495 ad

64 520 157 548 eam
181 519 338 563 partem
361 511 484 560 muri,
518 508 598 564 quii
632 509 891 550 Bruttiorum
926 510 1140 552 cohortem
1162 511 1394 565 praefidium

65 566 218 620 agitare
261 571 352 625 (11)
389 567 633 624 proditionis
667 568 908 609 conciliator
949 571 1231 619 nunciaverat,
1259 570 1392 626 jubet.

65 624 123 665 Ea
143 625 323 680 primum
343 627 399 669 est
423 638 566 682 captus
583 641 741 676 murus,
774 628 1063 683 adjuvantibus
1085 628 1395 683 recipientibus-

65 698 145 736 que
169 685 368 728 Bruttiis:
405 690 444 729 &
470 685 744 727 transcensum
768 685 808 725 in
834 685 975 726 urbem
990 686 1060 727 est.
1086 688 1180 728 inde
1205 689 1246 728 δε
1270 700 1394 742 prox-

65 742 184 796 imass
206 744 383 786 refra&a
406 755 537 800 porta,
572 756 616 784 ut
636 743 843 799 frequenti
868 746 1030 800 agmine
1063 747 1174 801 signa
1195 745 1396 787 inferren-

66 811 144 842 tur.
225 804 354 855 Tum,
399 806 578 845 clamore
614 802 785 853 sublato,
819 803 891 844 sub
925 813 1064 844 ortum
1102 804 1233 845 ferme
1274 804 1396 854 lucis,

64 861 179 902 nullo
200 861 321 903 obvio
343 874 515 912 armato,
546 863 587 902 in
609 862 747 902 forum
771 863 1041 918 perveniunt:
1075 863 1298 918 omnesque
1322 878 1398 904 un-

65 919 206 973 dique,
239 922 310 976 qui
332 923 382 963 ad
417 936 553 963 arcem
576 932 827 977 portumque
847 921 1103 978 pugnabant,
1138 923 1179 963 in
1196 922 1234 963 se
1256 927 1272 973 Η
1300 936 1397 964 con-

63 988 287 1020 verterunt.

123 1037 448 1081 XVI.Proelium
465 1040 506 1080 in
524 1040 637 1081 aditu
655 1039 733 1080 fori
758 1041 912 1096 majore
929 1041 1105 1095 impetu,
1122 1039 1247 1095 quam
1263 1040 1398 1096 perse-

65 1098 261 1148 verantia,
284 1099 541 1141 commiffum
564 1098 635 1139 est.
660 1113 741 1139 non
758 1101 915 1150 animo,
938 1114 1022 1140 non
1043 1100 1186 1152 armis,
1204 1114 1288 1140 non
1310 1109 1398 1140 arte

66 1155 176 1205 belli,
196 1171 279 1198 non
303 1159 442 1214 vigore
460 1169 530 1198 aut
552 1157 706 1198 viribus
725 1158 924 1214 corporis,
938 1173 1011 1213 par
1025 1159 1221 1199 Romano
1239 1158 1400 1199 Taren-

67 1214 177 1256 tinus
206 1226 304 1257 erat.
370 1218 518 1273 Igitur,
562 1217 654 1272 pilis
687 1219 850 1257 tantum
885 1217 1104 1273 conjecffiis,
1137 1218 1253 1273 prins
1275 1217 1400 1273 pene,

67 1272 193 1328 quam
216 1276 476 1317 consererent
497 1290 659 1325 manus,
691 1286 804 1331 terga
826 1276 1047 1326 dederunt,
1080 1276 1303 1331 dilapsique
1326 1290 1400 1331 per

66 1343 165 1373 nota
195 1334 306 1376 urbis
328 1335 473 1375 itinera
497 1335 538 1374 in
570 1334 659 1375 suas
677 1335 989 1389 amicorumque
1007 1336 1167 1376 domos.
1224 1336 1325 1376 Duo
1347 1349 1399 1375 ex

65 1392 243 1434 ducibus
267 1393 374 1434 Nico
401 1396 439 1434 &
471 1396 743 1437 Democrates
762 1392 923 1434 fortiter
945 1404 1176 1449 pugnantes
1198 1394 1399 1436 cecidere.

70 1452 137 1506 (ι)
172 1451 453 1502 Philemenus,
486 1452 557 1506 qui
589 1453 833 1507 proditionis
865 1454 914 1493 ad
938 1451 1218 1493 Hannibalern
1252 1452 1412 1494 auCtor'

67 1508 218 1561 fuerat,
251 1525 380 1566 quum
399 1511 525 1552 citato
541 1525 649 1565 equo
670 1525 723 1552 ex
745 1511 894 1566 proelio
924 1512 1093 1553 avecffus
1115 1512 1210 1552 effet
1229 1528 1241 1562 3
1272 1526 1402 1567 vagus

66 1570 205 1623 paullo
238 1571 329 1626 post
363 1584 495 1625 equus
531 1584 670 1611 errans
706 1585 779 1625 per
813 1570 957 1611 urbem
994 1571 1216 1626 cognitus;
1249 1584 1402 1625 corpus

67 1627 269 1683 nusquam
307 1629 521 1670 inventum
555 1629 626 1670 est.
665 1628 869 1670 creditum
906 1627 1032 1685 vulgo
1056 1629 1130 1680 est,
1162 1630 1204 1669 in
1227 1639 1401 1684 puteum

67 1700 257 1742 apertum
294 1703 344 1729 ex
380 1703 488 1743 equo
517 1694 542 1740 †
564 1688 840 1744 prsecipitass'e.
905 1687 1205 1730 Karthalonem
1245 1698 1403 1738 autem,

66 1746 314 1800 praefefitum
335 1747 507 1803 praesidii
530 1748 694 1797 Punici,
727 1762 822 1788 cum
843 1747 1237 1789 commemoratione
1267 1757 1404 1802 pater-

67 1805 110 1845 ni
130 1805 310 1862 hospitii,
343 1807 481 1862 positis
503 1806 642 1855 armis,
673 1807 907 1847 venientem
942 1808 993 1847 ad
1026 1806 1253 1855 consulem,
1285 1807 1403 1846 miles

69 1863 214 1907 obvius
236 1866 469 1907 obtruncat.
534 1869 595 1921 (2)
617 1865 701 1906 Alii
736 1865 836 1906 alios
870 1865 1011 1920 passim
1054 1865 1133 1905 sine
1169 1864 1402 1905 discrimine

67 1935 263 1976 armatos,
293 1925 487 1974 inermes,
522 1925 702 1974 credunt,
739 1923 1101 1979 Karthaginienses
1136 1923 1176 1964 T
1179 1923 1404 1963 arentinos-

69 1997 148 2037 que
171 1984 337 2039 pariter.
399 1983 551 2023 Bruttii
570 1997 735 2037 quoque
752 1983 871 2023 multi
893 1981 1119 2031 interfeCii,
1153 1981 1219 2022 seu
1250 1996 1323 2037 per
1340 1996 1404 2021 er-

68 2056 221 2092 rorem,
251 2041 319 2083 seu
349 2052 485 2082 vetere
515 2041 557 2081 in
593 2056 662 2082 eos
695 2042 812 2081 inlito
835 2041 947 2090 odio,
980 2041 1049 2081 seu
1084 2041 1135 2081 ad
1156 2040 1402 2096 proditionis

69 2099 224 2142 famam
244 2104 307 2156 (ut
329 2100 368 2141 vi
385 2100 524 2155 potitis
547 2111 669 2154 atque
692 2100 816 2140 armis
847 2110 1015 2154 captum
1036 2098 1267 2140 Tarentum
1291 2099 1403 2139 vide-

70 2163 200 2216 retur)
222 2159 563 2214 extinguendam.
625 2159 738 2198 Tum
763 2158 812 2198 ab
834 2159 946 2199 caede
961 2160 1012 2199 ad
1033 2158 1307 2214 diripiendam
1334 2173 1403 2197 ui-

70 2218 166 2259 bem
202 2218 442 2259 discursum.
473 2217 600 2258 millia
622 2217 788 2272 triginta
812 2217 1016 2257 servilium
1047 2219 1229 2272 capitum
1256 2217 1404 2258 dicun-

72 2290 140 2319 tur
168 2282 230 2334 (3)
250 2277 386 2332 capti:
418 2276 577 2333 argenti
602 2276 662 2317 vis
693 2276 839 2331 ingens
880 2276 982 2318 faeti
1018 2276 1271 2332 signatique:
1314 2275 1403 2316 auri

1189 2335 1403 2391 o&oginta

73 2466 126 2490 tus
144 2455 303 2489 consedit.
323 2455 376 2498 E.]
425 2459 457 2487 (1
469 2456 503 2496 ι)
521 2454 598 2487 Sall.
612 2453 644 2485 in
659 2456 735 2497 Jug.
749 2466 779 2486 c.
795 2464 849 2494 55.
875 2455 998 2486 aborta
1014 2468 1075 2486 cum
1101 2458 1176 2485 omni
1189 2458 1313 2498 equitatu
1325 2461 1405 2497 prae-

59 2504 166 2546 ⁸fidjum
178 2503 344 2546 agitabunt.
364 2513 390 2532 c.
414 2502 469 2541 85.
495 2502 714 2542 hostem-scrire,
731 2502 867 2544 prffssdia
884 2503 1013 2543 agitare.
1062 2499 1217 2532 Similiter
1231 2509 1344 2543 agilare
1361 2503 1408 2530 ἰη-

72 2546 178 2586 dreini,
198 2557 306 2590 pacem,
327 2549 440 2589 bellum,
464 2550 611 2590 imperitam
629 2547 687 2577 &e
699 2548 788 2589 apud
805 2547 946 2578 eundem
962 2547 1147 2578 auditorem·
1164 2548 1202 2577 E.

126 2596 165 2626 C.
185 2593 237 2625 16.
255 2595 311 2636 (r)
334 2593 415 2625 vid.
433 2597 531 2637 supra
550 2593 570 2623 l.
589 2602 644 2631 25.
665 2603 692 2624 c.
709 2592 739 2624 8.
786 2596 839 2631 (ιι
864 2592 933 2624 Alii
951 2591 1071 2625 milites
1083 2591 1163 2624 alios
1180 2591 1319 2624 hostium
1341 2590 1408 2622 fine

84 2639 271 2676 discrimine
288 2640 432 2675 caedunt.
483 2637 671 2673 Crevierius
691 2640 722 2670 τι]
736 2640 787 2670 alii
813 2638 990 2671 delendum
1019 2638 1207 2682 suspicatur.
1254 2639 1308 2679 (3)
1331 2636 1409 2667 Vid-

1338 2690 1409 2714 not.
