1834 3099
324 136 545 179 LIBER
592 137 794 180 XXVIII.
844 134 996 182 CAP.
1044 140 1244 183 XXXIII.

115 249 260 302 proelio
300 251 478 296 barbaris
510 254 583 305 est,
617 256 739 309 quam
777 255 984 296 imminuti
1023 257 1160 299 animi.
1184 258 1340 313 itaque,
1371 272 1423 299 ne

114 309 286 359 percum
334 311 587 363 viderentur,
642 313 771 367 prima
811 315 900 353 luce
926 315 1085 369 postero
1120 317 1185 356 die
1219 316 1261 366 in
1293 317 1422 358 aciem

109 368 343 417 processere.
406 371 503 412 Non
543 371 726 425 capiebat
765 385 907 412 omnes
940 374 1074 426 copias
1107 374 1290 428 angusta,
1322 375 1421 416 ficut

108 424 200 464 ante
218 426 375 467 die‘tum
392 429 462 478 est,
495 431 632 470 vallis:
664 431 754 469 duae
770 428 898 469 ferme
920 433 1136 485 peditumss
1153 436 1300 486 partes,
1331 448 1421 474 om-

110 480 173 523 nis
202 485 407 539 equitatus
440 487 480 527 in
516 487 643 529 aciem
666 487 885 528 descendit.
921 491 1031 542 quod
1062 490 1265 543 reliquum
1306 492 1420 546 pedi-

106 547 195 581 tum
230 554 332 593 erat,
365 545 531 599 obliquo
564 546 859 586 constituerunt
883 549 943 599 (3)
980 548 1095 589 colle.
1158 548 1309 602 Scipio,
1343 565 1417 603 pro

107 596 146 638 se
166 600 242 641 esse
260 602 337 656 loci
361 603 563 659 angustias
583 615 708 652 ratus,
742 606 780 644 δε
815 602 926 657 quod
950 605 988 644 in
1011 612 1034 656 †
1056 616 1142 646 arto
1171 611 1304 660 pugni:
1329 608 1417 648 Ro-

105 669 228 699 mano
251 661 397 714 aptior,
430 664 554 716 quam
586 661 770 715 Hispano
794 663 928 711 militi,
955 662 1091 703 sutum
1119 664 1340 715 videbatur,
1375 668 1412 706 8<

104 714 217 768 quod
240 717 281 758 in
298 733 392 759 eum
415 721 551 761 locum
573 718 754 760 detracta
775 719 951 760 hostiurn
978 723 1083 761 acies
1105 722 1211 770 esset,
1245 723 1416 776 quinon

103 787 270 816 omnem
308 779 615 819 multitudinem
637 791 778 817 eorum
801 791 976 832 caperet,
1010 793 1115 818 novo
1139 780 1259 820 etiam
1289 782 1418 821 confi-

104 831 159 873 lio
181 834 329 889 adjecit
356 836 564 877 animum:
596 839 656 890 (4)
677 835 856 890 equitem
882 851 954 877 nec
978 836 1015 876 se
1036 837 1141 890 posse
1163 838 1416 880 circumdare

103 892 296 934 cornibus
318 893 358 933 in
381 904 462 934 tarn
480 895 649 949 angusto
664 892 818 948 spati03
854 895 1033 945 schotti,
1067 910 1188 949 quem
1219 911 1312 937 cum
1347 912 1419 952 pe-

104 949 187 989 dite
208 952 420 999 eduxisset,
453 953 636 993 inutilem
659 951 760 995 fore.
826 953 968 1006 Itaque
1002 953 1174 1007 imperat
1195 955 1337 1005 Laelio,
1371 966 1417 997 ut

103 1021 176 1061 per
196 1010 318 1049 colles
339 1009 462 1064 quam
490 1010 756 1052 occultiffimo
778 1011 920 1050 itinere
943 1012 1223 1052 circumducat
1243 1014 1416 1067 equites,

105 1064 382 1123 segregetque,
415 1081 614 1124 quantum
651 1069 783 1123 poffit,
814 1069 1041 1123 equestrem
1068 1085 1089 1109 a
1111 1070 1282 1124 pedestri
1313 1086 1417 1127 pug-

104 1137 200 1164 nam
223 1129 298 1181 (ς).
364 1127 451 1182 Ipse
491 1129 628 1168 omnia
665 1128 773 1183 signa
810 1129 993 1181 peditum
1035 1128 1076 1167 in
1109 1128 1244 1169 hostes
1267 1131 1387 1170 vertit
1407 1147 1417 1172 ε

104 1194 281 1238 quatuor
318 1185 504 1226 cohortes
526 1187 567 1226 in
599 1186 733 1227 fronte
774 1185 925 1235 statuit,
958 1186 1051 1239 quia
1085 1187 1207 1227 latins
1240 1190 1416 1241 pandere

105 1242 235 1282 aciem
258 1257 340 1283 non
361 1254 533 1298 poterat.
595 1245 759 1284 Moram
799 1245 1008 1299 pugnandi
1045 1245 1199 1293 nullam
1223 1244 1339 1298 fecit,
1371 1258 1417 1288 ut

105 1299 190 1355 ipso
212 1303 433 1342 certamine
455 1312 652 1343 averteret
687 1302 736 1343 ab
765 1302 985 1356 conspeetu
1018 1303 1313 1344 transeuntium
1345 1319 1418 1359 per

105 1360 230 1400 colles
257 1361 459 1414 equitum.
492 1375 624 1415 neque
647 1358 739 1401 ante
762 1360 1068 1402 circumduCtos
1088 1361 1256 1412 sensere,
1288 1362 1418 1417 quam

105 1419 330 1458 tumultum
363 1419 558 1473 equestris
585 1433 734 1474 pugnae
764 1417 814 1459 ab
836 1429 949 1473 tergo
971 1433 1176 1473 accepere.
1241 1422 1303 1462 Ita
1335 1423 1418 1462 duo

105 1477 251 1530 proelia
267 1488 381 1517 erant
400 1492 410 1518 z
430 1479 520 1518 duae
538 1477 720 1532 peditum
743 1476 863 1524 acies,
880 1478 960 1516 duo
978 1478 1184 1531 equitatus
1200 1494 1272 1534 per
1287 1481 1419 1536 longi-

106 1535 289 1575 tudinem
314 1536 446 1590 campi
466 1537 577 1589 (quia
599 1535 756 1576 misceri
778 1549 826 1574 ex
848 1550 995 1591 genere
1030 1548 1202 1590 utroque
1222 1539 1417 1592 proelium

105 1593 298 1649 angustiae
311 1608 393 1633 non
407 1594 680 1649 patiebantur)
700 1592 948 1647 pugnabant.
993 1593 1270 1648 Hispanorum
1288 1611 1418 1650 quum

107 1665 241 1706 neque
273 1653 395 1707 pedes
416 1653 559 1707 equiti,
591 1666 666 1694 nec
688 1666 811 1706 eques
834 1651 958 1706 pediti
980 1653 1130 1693 auxilio
1153 1654 1262 1706 effer,
1294 1656 1417 1709 pedes

106 1709 256 1751 fiducia
271 1710 418 1766 equitis
441 1721 592 1751 temere
607 1710 838 1751 commiffus
859 1724 1004 1764 campo
1025 1713 1263 1761 crederetur,
1293 1727 1418 1768 eques

105 1769 410 1810 circumventus
427 1783 502 1810 nec
516 1769 784 1824 peditem(6)a
801 1767 951 1818 fronte,
968 1769 1067 1823 (jam
1079 1770 1188 1810 enim
1207 1771 1337 1812 stratae
1347 1786 1417 1825 pe-

106 1827 257 1870 destres
271 1828 400 1882 copiae
415 1833 546 1883 erant)
563 1841 636 1868 nec
651 1827 699 1866 ab
717 1837 831 1882 tergo
849 1826 1308 1882 equitemsustineress&
1329 1831 1417 1884 ipfi,

107 1900 238 1941 quum
254 1886 323 1926 diu
345 1886 387 1926 in
408 1892 432 1938 †
452 1887 592 1927 orbem
614 1885 691 1926 sese
711 1884 905 1925 stantibus
922 1885 1036 1939 equis
1051 1885 1332 1938 defendissent,
1365 1890 1415 1929 ad

107 1959 236 1986 unum
259 1957 402 1985 omnes
422 1945 507 1986 caefi
530 1944 646 1984 sunt:
678 1958 751 1983 nee
772 1943 983 1997 quisquam
1005 1944 1188 1997 peditum
1212 1940 1420 1998 equitum-

108 2017 187 2058 que
210 2001 422 2057 superfuit,
442 2002 569 2056 quiin
586 2002 687 2041 valle
710 2013 1006 2056 pugnaverunt.
1039 2001 1178 2042 Tertia
1201 2018 1307 2056 pars,
1325 2017 1418 2057 quae

108 2062 148 2102 in
173 2062 275 2101 colle
297 2061 346 2101 ad
370 2060 645 2113 speetaculum
670 2060 797 2113 magis
838 2068 988 2107 tutum,
1021 2058 1144 2112 quam
1178 2062 1227 2100 ad
1259 2073 1456 2115 partem„

106 2133 257 2175 pugnae
278 2118 569 2174 capessendam,
602 2116 776 2165 steterat,
812 2118 848 2157 8<
871 2118 1005 2156 locum
1029 2119 1067 2158 δι’
1091 2129 1253 2173 tempus
1280 2120 1328 2160 ad
1352 2119 1418 2160 fu·
1479 2124 1481 2128 '

109 2251 306 2283 barbarorum.
322 2259 351 2280 c.
368 2247 421 2286 48.
440 2258 494 2291 49.
516 2248 548 2279 ὃς
564 2247 651 2280 alibi.
697 2247 752 2287 (3)
769 2249 977 2279 Locaverunt
990 2248 1135 2280 barbari.
1152 2248 1221 2281 vid:
1239 2258 1306 2281 not.
1327 2249 1357 2282 6.
1375 2252 1417 2283 ad

112 2307 142 2329 e.
167 2295 218 2327 τό.
241 2295 260 2325 1.
277 2303 334 2333 27.
349 2294 457 2336 supra.
505 2296 562 2335 (4)
583 2293 741 2325 Animum
759 2293 934 2324 advertenz
951 2294 1060 2334 Scipio
1079 2304 1137 2325 nec
1156 2294 1186 2325 sc
1206 2296 1292 2336 posse
1321 2296 1416 2327 suum

112 2340 294 2383 equitatum
322 2339 525 2371 circumdare
544 2339 709 2371 cornibus,
732 2349 790 2368 nec
820 2337 962 2372 hostibus
985 2339 1098 2370 utilem
1127 2340 1196 2370 sore
1222 2340 1418 2381 equitatum,

115 2396 214 2430 quem
232 2385 277 2417 iiii
305 2395 378 2416 cum
395 2385 504 2426 pedite
527 2384 562 2415 in
590 2384 692 2415 aciem
714 2383 906 2414 eduxiss'ent.
957 2384 1084 2415 Locum
1101 2384 1155 2414 vix
1172 2384 1420 2426 interpretarer,

113 2433 148 2464 ni
166 2432 330 2463 Glareano
358 2430 484 2472 oppido
499 2429 636 2461 obscura
652 2428 827 2470 descriptio
845 2429 1023 2460 videretur.
1052 2431 1087 2459 F..
1135 2431 1191 2469 (5)
1208 2431 1254 2462 lta
1271 2431 1366 2473 supra
1385 2443 1416 2463 c.

115 2487 170 2518 30.
219 2478 319 2518 lVeqne
349 2483 417 2506 erat
431 2477 532 2506 navali
550 2476 774 2518 pugnafimilis.
798 2474 886 2505 infra}
903 2484 931 2505 c.
956 2484 1012 2514 39.
1036 2476 1184 2518 optabilem
1209 2489 1242 2506 ex
1259 2477 1418 2518 mifirrim?

101 2525 265 2564 finanum.
311 2522 368 2564 (ὁ)
384 2525 435 2563 ὃς.
456 2521 691 2564 Romanorum.

766 2578 807 2620 Q
830 2592 852 2621 2
1225 2582 1419 2637 giendum

1572 157 1649 201 ¹95
