1840 3094
444 221 667 264 LIBER
707 222 823 264 XXI.
863 223 1018 266 CAP.
1056 221 1198 265 XVII.
1645 246 1696 288 ¹9

171 336 382 391 metusque
404 339 453 379 de
474 337 630 386 summit
650 353 786 379 rerum
818 339 940 395 cepit,
967 340 1077 379 velut
1103 339 1126 379 fi
1159 340 1243 394 jam
1268 339 1317 380 ad
1337 348 1474 393 portas

170 392 294 434 hostis
315 396 436 447 efflet,
485 408 546 447 ut,
567 407 629 437 tot
659 412 741 438 uno
763 409 945 453 tempore
967 397 1288 437 motibus.animi
1309 397 1474 446 turbati,

170 457 195 503 †
217 453 463 507 trepidarent
484 459 546 510 (1)
567 456 710 510 magis,
742 456 866 509 quam
888 456 1154 496 consulerent.
1190 456 1300 494 Nam
1322 459 1381 510 (2)
1404 469 1476 494 ne-

171 524 250 562 que
288 511 445 552 hostem
483 513 678 554 acriorem
714 513 1084 567 bellicosioremque
1121 513 1256 552 secum
1289 512 1476 569 congres-

171 567 288 618 sum,
321 584 395 610 nec
417 585 504 611 rem
526 571 759 612 Romanam
779 581 862 611 tam
883 573 1058 612 desidem
1080 585 1262 624 unquam
1282 571 1395 611 fuifl'e
1417 581 1487 610 at-

172 640 251 679 que
292 627 510 669 imbellem.
590 631 756 681 Sardos,
802 630 1045 683 Corsosque,
1096 631 1132 669 8<
1174 629 1312 680 Istros,
1354 639 1476 682 atque

170 683 345 740 Illyrios,
390 687 572 727 laceffiffe
594 691 655 742 (3)
691 688 835 742 magis,
869 686 994 742 quam
1013 687 1246 736 exercuiffe,
1288 688 1479 727 Romana

171 757 283 783 arma
302 759 311 784 :
344 747 384 785 &
407 759 501 785 cum
526 746 657 786 Gallis
678 747 974 786 tumultuatum
990 747 1050 799 (4)
1072 743 1223 796 verius,
1255 744 1379 798 quarn
1396 745 1482 784 bel-

171 801 401 856 ligeratum.
464 804 660 854 Poenum,
691 804 848 845 hostem
869 814 1122 852 veteranum,
1155 804 1278 842 trium
1291 806 1336 843 .&
1351 803 1483 857 vigin-

173 860 204 899 ti
226 863 290 914 (5)
314 876 515 902 annorum
554 863 697 902 militia
730 862 931 903 durissimfi
964 862 1070 901 inter
1104 861 1307 915 Hispanas
1341 871 1484 915 gentes

172 917 329 972 semper
344 920 558 968 vffiorem,
578 919 759 975 primum
775 921 1025 970 Hamilcare,
1046 920 1191 960 deinde
1213 918 1484 967 Hasdrubale,

173 990 283 1016 nunc
299 977 529 1018 Hannibale
549 981 652 1019 duce
673 979 869 1019 acerrimo
886 980 949 1033 (6)
966 978 1181 1028 affuetum‚
1206 988 1412 1017 recentem
1434 976 1485 1016 ab

173 1035 334 1075 excidio
370 1037 676 1090 opulentiffimae
711 1037 837 1087 urbis,
882 1037 1046 1076 Iberum
1084 1036 1277 1076 transire:
1325 1035 1486 1075 trahere

175 1091 310 1133 secum
353 1103 414 1134 tot
455 1096 608 1135 excitos
649 1096 928 1149 Hispanorum
970 1096 1143 1149 populos
1166 1110 1176 1134 ε
1225 1094 1486 1134 conciturum

174 1151 309 1192 avidas
326 1152 480 1206 semper
502 1168 708 1193 armorum
733 1153 914 1194 Gallicas
936 1163 1089 1208 gentes.
1125 1166 1218 1192 cum
1241 1151 1338 1191 orbe
1361 1162 1488 1191 terra-

175 1224 269 1249 rum
289 1210 443 1251 bellum
474 1213 699 1267 gerendum
722 1212 763 1251 in
784 1212 901 1251 Italia
922 1226 968 1251 ac
990 1225 1064 1264 pro
1086 1214 1147 1265 (7)
1168 1210 1374 1251 moenibus
1397 1210 1487 1250 Ro-

175 1269 307 1308 manis
333 1270 422 1309 effe.

235 1326 376 1368 XVII.
408 1327 644 1369 Nominatae
679 1330 739 1382 (1)
768 1329 852 1384 jam
877 1337 994 1368 antea
1016 1326 1248 1368 consulibus
1268 1326 1489 1381 provinciae
1508 1340 1591 1373 Bflli
1615 1348 1710 1384 appa..

178 1395 319 1434 erant3
350 1396 438 1426 tum
461 1386 590 1425 sortiri
618 1386 723 1442 jusfi.
785 1387 978 1427 Cornelio
1000 1386 1214 1437 Hispania,
1245 1386 1489 1439 Sempronio
1508 1396 1589 1418 ratus
1636 1389 1714 1429 opud

180 1443 322 1484 Africa
345 1459 439 1484 cum
460 1443 597 1485 Sicilia
617 1444 761 1485 evenit.
821 1444 901 1484 Sex
934 1445 976 1483 in
1004 1458 1099 1484 eum
1131 1457 1285 1483 annum
1318 1435 1660 1484 decretaeme'w‘·

176 1503 373 1557 legiones,
418 1504 459 1543 &
491 1501 646 1542 socium
671 1511 870 1556 quantum
893 1502 984 1556 ipsis
1020 1502 1240 1552 videretur,
1289 1504 1328 1543 &
1364 1502 1491 1543 classis

179 1562 331 1613 quanta
367 1560 498 1614 parari
532 1561 657 1613 poffet
732 1563 795 1614 (2)
826 1560 1017 1612 Quatuor
1054 1562 1090 1600 ἃ
1127 1559 1270 1614 viginti
1304 1561 1491 1613 peditum

179 1619 466 1661 Romanorum
487 1619 611 1658 millia
634 1618 726 1658 sunt
747 1618 907 1672 scripta,
941 1621 979 1658 &
1004 1617 1114 1656 mille
1131 1618 1358 1672 octingenti
1376 1619 1493 1672 equi-

179 1688 238 1717 tes
258 1693 267 1717 :
286 1677 487 1717 sociorum
510 1677 776 1732 quadraginta
799 1678 924 1718 millia
945 1676 1145 1730 peditum,
1167 1685 1343 1729 quatuor
1365 1677 1492 1717 millia

182 1740 222 1777 δι’
247 1735 533 1791 quadringenti
555 1736 736 1788 equites:
770 1749 892 1774 naves
913 1735 1102 1774 ducentae
1124 1734 1267 1788 viginti
1289 1735 1493 1788 quinque·

179 1807 326 1842 remes,
358 1795 515 1834 celoces
538 1795 598 1847 (3)
629 1794 772 1848 viginti
795 1792 994 1832 deductae.
1058 1792 1208 1831 Latum
1231 1792 1324 1832 inde
1348 1794 1396 1832 ad
1419 1808 1493 1848 po-

180 1854 341 1907 pulum,
384 1855 444 1907 (4)
477 1852 627 1901 vellent,
645 1853 843 1907 juberent,
867 1850 998 1904 populo
1031 1849 1342 1906 Karthagim'ergst
1359 1851 1492 1891 bellum

1362 1909 1493 1950 indici.

228 2030 269 2060 C.
297 2028 350 2060 16.
375 2028 432 2071 (1)
446 2029 750 2060 Tumultuarentur
766 2026 887 2069 potius,
909 2026 1058 2059 omnium
1074 2025 1203 2065 incerti,
1227 2029 1326 2068 quam
1342 2028 1494 2060 consulto

182 2083 327 2115 agerent,
360 2075 413 2106 seu
441 2073 521 2105 utile
549 2074 683 2114 aliquod
700 2081 855 2114 caperent
881 2072 1064 2104 confilium.
1112 2074 1168 2113 (2)
1191 2072 1363 2105 Subintell.
1385 2075 1495 2105 secum

182 2121 390 2160 reputabant.
450 2121 506 2160 (3)
529 2118 673 2150 Vetuiffe
702 2118 811 2160 potius
840 2129 880 2149 ne
904 2118 1040 2149 omnino
1058 2117 1270 2159 quiescerent,
1289 2122 1397 2159 quam,
1422 2127 1495 2150 tan-

183 2175 283 2205 quam
300 2164 413 2207 dignos
430 2163 643 2202 adversarios,
664 2162 837 2195 exercuisse
855 2165 1005 2194 Romana
1020 2174 1126 2194 arma.
1180 2165 1236 2205 (4)
1262 2163 1416 2194 Similiter
1443 2164 1495 2195 su—

184 2214 245 2251 pra
273 2210 290 2240 l.
311 2219 342 2242 2.
362 2221 387 2241 c.
408 2209 462 2241 26.
499 2209 633 2240 tumultus
649 2213 720 2239 enim
734 2211 801 2249 fuit
818 2209 926 2246 veritis,
946 2209 1029 2250 quim
1044 2210 1150 2239 bellum:
1199 2210 1302 2239 Ver-ias
1319 2208 1398 2249 qubm
1412 2209 1496 2250 sape

184 2255 274 2296 apud
291 2255 425 2286 Livium
443 2255 599 2286 occurrit.
617 2256 722 2294 Supra
737 2253 762 2284 1.
781 2264 810 2292 5.
828 2264 859 2285 c.
874 2263 929 2292 25.
954 2253 1042 2284 infra
1058 2254 1079 2284 l.
1099 2262 1148 2285 22.
1162 2263 1191 2283 c.
1212 2263 1262 2293 19.
1279 2253 1299 2283 1.
1319 2263 1374 2291 40.
1393 2265 1423 2286 c.
1439 2263 1492 2292 27.

184 2301 204 2331 l.
234 2310 290 2338 41.
315 2311 341 2331 c.
369 2302 423 2332 18.
469 2300 525 2340 (5)
549 2302 615 2331 Tot
639 2299 727 2330 enim
754 2309 918 2330 annorum
946 2298 1158 2330 intervallum
1182 2300 1290 2329 fuerat
1319 2298 1406 2330 inter
1431 2301 1496 2330 Pu-

185 2345 297 2377 nicum
316 2345 441 2377 bellum
463 2345 606 2386 primum
628 2345 658 2374 δε
675 2344 865 2375 secundum.
889 2344 945 2386 (6)
969 2344 1110 2385 Aliquot
1141 2344 1269 2374 codices
1289 2343 1412 2375 habent
1435 2346 1498 2376 duci

183 2395 333 2422 acerrimo.
382 2393 428 2422 At
461 2389 600 2421 verbum
616 2390 758 2433 affizescere
781 2388 880 2420 etiam
911 2399 987 2422 curn
1019 2389 1107 2420 sexto
1133 2388 1209 2419 casu
1236 2389 1326 2430 apud
1352 2389 1497 2430 optimos

186 2435 361 2478 scriptores
374 2435 586 2472 construitur3
598 2443 634 2465 ut
645 2433 828 2466 videbimus
845 2434 887 2465 ad
902 2434 922 2464 1.
938 2443 989 2473 31.
1006 2444 1032 2465 c.
1051 2444 1102 2474 35.
1125 2433 1265 2471 Vellem,
1276 2436 1498 2466 cumGrono·

186 2481 253 2519 vio,
275 2481 392 2522 aliquis
410 2480 491 2511 liber
508 2480 645 2511 haberet
669 2483 790 2516 vincere,
813 2489 877 2520 pro
892 2482 1038 2510 Umorem.
1084 2477 1238 2520 Plerique
1255 2478 1383 2510 codices
1400 2479 1498 2511 omit-

186 2534 264 2558 tunt
280 2537 376 2558 voces
387 2529 514 2569 primum
529 2522 713 2559 Hamilcare.
726 2527 818 2556 deinde
833 2523 1032 2566 Hasdrubale,
1053 2536 1122 2556 nunc
1142 2525 1320 2556 Hannibale.
1356 2524 1412 2566 (7)
1423 2525 1454 2556 h.
1470 2535 1497 2556 e.

188 2581 265 2605 ante
281 2582 408 2603 moema.

234 2637 270 2668 C.
286 2645 338 2675 17·
358 2635 412 2678 (ι)
435 2636 510 2666 Hoc
524 2634 695 2666 Hannibal
708 2632 903 2665 criminatur
920 2632 1008 2665 infra
1025 2644 1052 2666 c.
1069 2643 1126 2672 44.
1150 2634 1187 2664 E.
1231 2633 1286 2674 (2)
1302 2631 1403 2675 Legio
1414 2630 1502 2664 enim

190 2683 341 2712 Romana
358 2689 429 2713 tum
447 2681 612 2712 constabat
629 2691 669 2711 ex
686 2688 829 2721 quatuor
853 2678 1000 2710 millibus
1024 2679 1173 2720 peditum
1191 2678 1222 2709 &
1240 2679 1394 2710 trecentis
1411 2677 1503 2718 equi-

191 2725 292 2760 tibus.
335 2728 393 2769 (3)
414 2725 519 2758 Levia
535 2725 685 2768 navigia,
701 2725 766 2757 fine
774 2723 904 2803 cigognis.
952 2726 1010 2769 (4)
1032 2723 1105 2756 Hic
1122 2724 1262 2756 sollenni
1283 2722 1443 2810 sornigqlsso
1447 2734 1467 2798 ¹11
1469 2733 1503 2798 (ἐξ
