1840 3094
838 238 890 282 T.
942 239 1144 282 LIVII

320 355 479 397 timendo
505 356 574 409 (2)
602 354 692 412 hasti
729 363 876 407 utram,
906 374 1023 413 quum
1063 359 1287 399 declinarem
1328 367 1532 411 certamen,
1563 359 1638 398 im·-

313 415 490 469 provisus
529 415 689 470 incidiffi
726 416 869 466 videor,
900 433 950 456 an
986 432 1178 458 occurrere
1212 419 1252 456 in
1273 422 1295 470 ss
1318 418 1490 474 vestigiis
1509 419 1590 474 ejus
1613 419 1634 456 ε’

319 473 482 529 laceffere
501 488 546 512 ac
564 473 716 513 trahere
735 475 789 515 ad
805 476 1071 516 decernendum
1088 479 1109 515 ‚9
1141 476 1329 530 Experiri
1335 478 1476 531 juvat,
1507 483 1637 517 utram

319 533 409 572 alios
445 530 595 586 repente
630 532 967 590 Karthaginienses
995 545 1067 588 per
1087 536 1228 590 viginti
1260 550 1377 575 annas
1416 543 1524 574 terra
1558 534 1636 574 edi-

319 592 446 632 derit.-
477 607 529 631 an
563 591 674 631 iidem
701 590 792 641 fint,
823 594 890 647 qui
907 594 960 633 ad
979 594 1146 648 AEgates
1172 602 1447 648 pagnaverunt
1479 593 1635 648 infidas,

318 659 354 690 et
370 666 458 705 quos
478 651 524 690 ab
545 649 668 706 Eryce
686 649 941 692 duodevicenis
961 652 1128 692 denariis
1147 655 1209 707 (3)
1222 653 1419 710 aestimatos
1436 651 1604 709 emgfistis
1621 671 1635 691 .-

318 717 354 749 et
375 716 504 749 utram
540 708 743 749 Hannibal
778 709 838 750 hic
859 709 919 764 sit
953 711 1106 751 aemulus
1133 713 1313 750 itinerum
1335 711 1519 751 Herculis
1550 713 1631 764 (4),

320 777 364 808 ut
384 769 456 824 ipse
466 768 574 824 fert,
604 783 655 807 an
683 769 881 823 veeiigalis
917 779 925 818 (
940 771 987 824 5)
1007 769 1351 825 stipendiariusqtce
1370 778 1405 809 et
1411 770 1554 826 servus
1568 780 1636 822 po-

312 828 398 883 puli
419 827 587 867 Romam·
619 843 644 867 a
673 836 787 880 patre
817 828 997 868 reliHus:
1028 844 1135 883 quem
1157 827 1227 883 nisi
1248 828 1634 883 Saguntinurnfielus

319 887 485 940 agitaret
517 887 608 940 (6),
629 886 822 940 respiceret
839 884 1026 944 prafee‘Jb,
1042 885 1086 942 st
1105 902 1174 927 non
1188 889 1360 941 patriam
1381 889 1541 936 vinam,
1571 887 1635 927 do-

318 961 418 986 mum
438 943 555 994 certe,
579 954 817 999 patremque,
848 954 884 984 et
889 946 1042 1000 joedera
1064 945 1304 985 Hamilcaris
1323 946 1472 1001 scripta
1502 961 1632 987 manu.

316 1005 396 1058 qui,
415 1004 543 1059 juffus
581 1020 605 1043 α
643 1004 783 1058 consule
815 1003 943 1059 nestro,
972 1003 1180 1059 presidium
1196 1005 1351 1044 deduxit
1390 1005 1436 1044 ab
1478 1004 1631 1060 Eryce.-

315 1063 384 1117 qui
411 1077 556 1117 graves
590 1060 772 1117 impqfitas
807 1064 921 1102 viHis
943 1061 1321 1118 Karthaginiensibus
1340 1063 1436 1118 leges
1453 1063 1632 1119 fremens

315 1121 539 1176 moerensque
551 1122 691 1174 accepit
707 1139 721 1161 .-
752 1122 818 1175 qui
837 1121 1006 1162 decedere
1029 1121 1178 1174 Sicilia,
1211 1124 1275 1176 qui
1290 1121 1527 1179 stipendium
1562 1129 1633 1176 po-

305 1180 397 1234 pulo
417 1180 588 1220 Romano
622 1179 715 1219 dare
741 1183 877 1233 paiius
896 1181 964 1237 est.
1026 1180 1161 1234 Itaque
1181 1195 1247 1220 vos
1267 1195 1345 1234 ego,
1376 1181 1530 1232 milites,
1560 1196 1632 1221 non

312 1237 490 1294 easbliem
525 1239 664 1287 animo,
695 1254 765 1294 quo
802 1238 989 1278 adversas
1020 1239 1112 1278 alios
1145 1238 1263 1298 hostes
1287 1238 1431 1294 soletis,
1457 1247 1635 1293 pugnare

312 1298 427 1337 velim
445 1319 459 1344 ‚·
497 1296 571 1352 sed
602 1312 686 1336 cum
726 1297 981 1351 indignatione
1009 1297 1177 1351 quddam
1218 1305 1330 1351 atque
1349 1298 1416 1337 ἱνᾶ
1432 1315 1444 1337 .-
1477 1298 1582 1339 velut
1590 1297 1634 1352 st

297 1356 434 1412 servos
454 1355 617 1396 videatis
632 1357 776 1413 vestras
796 1371 908 1396 arma
927 1355 1078 1409 repente
1098 1364 1228 1396 contra
1259 1370 1325 1396 vos
1330 1355 1521 1413 ferentes.
1554 1356 1631 1397 Li-

311 1415 391 1455 cuit
429 1413 482 1454 ad
517 1413 678 1469 Erycem
719 1415 873 1466 cluufhs,
906 1414 1035 1454 ultima
1048 1415 1238 1472 supplicio
1258 1413 1511 1455 humanorum
1546 1419 1633 1469 (7),

297 1473 414 1530 fizme
435 1471 672 1527 interficere.-
705 1474 816 1513 licuit
851 1475 1046 1514 viaricem
1086 1474 1227 1530 clastem
1253 1474 1294 1512 in
1330 1473 1513 1529 Africam
1545 1481 1649 1526 tra->

296 1533 437 1586 jicere,
467 1540 579 1586 atque
598 1533 704 1571 intra
722 1540 861 1585 paucos
894 1532 970 1571 (lies
994 1531 1083 1586 sine
1117 1532 1190 1572 ullo
1227 1533 1430 1571 certamine
1450 1531 1630 1573 Kartha-

305 1593 435 1645 ginem
456 1591 586 1631 delere.
652 1591 810 1630 Veniam
827 1591 995 1630 dedimus
1006 1590 1249 1644 precantibus
1265 1607 1277 1629 .·
1309 1588 1489 1644 emisimus
1507 1606 1552 1630 ex
1567 1591 1630 1632 ob·

292 1649 439 1706 fidione
455 1667 468 1688 .·
495 1657 626 1703 pacem
639 1664 724 1688 cum
746 1651 860 1690 vic‘lis
871 1649 1041 1706 jecimus
1055 1667 1069 1690 .·
1100 1649 1222 1689 tutelae
1246 1648 1376 1688 deinde
1402 1648 1527 1704 nqstrae
1550 1652 1627 1703 (8)

309 1709 502 1758 duximus,
571 1723 687 1763 quum
745 1708 884 1764 Africo
947 1708 1043 1749 bello
1099 1716 1342 1763 urgerentur.
1423 1707 1507 1748 Pro
1569 1707 1630 1750 his

309 1768 525 1822 impertitis,
594 1766 788 1822 furiosttm
851 1768 1037 1822 juvenem
1096 1767 1307 1821 sequentes,
1374 1773 1630 1822 oppugnatum

305 1827 478 1880 patriam
538 1825 706 1883 nostram
769 1827 941 1866 veniunt.
1021 1825 1150 1880 Atque
1194 1826 1341 1865 utinam
1389 1832 1463 1878 pro
1506 1825 1631 1866 decore

306 1891 456 1926 tantum
485 1883 549 1924 hoc
575 1885 691 1933 vobis,
722 1892 757 1923 et
784 1899 854 1924 non
886 1892 958 1936 pro
977 1884 1120 1939 salute,
1150 1883 1231 1940 effet
1254 1891 1455 1924 certamen.
1497 1884 1629 1925 nonde

299 1942 498 2000 pffffione
521 1942 654 1982 Siciliae
673 1958 717 1982 ac
739 1943 941 1994 Sardiniae,
971 1943 1015 1982 de
1049 1942 1182 1997 quibus
1203 1941 1386 1996 quondam
1426 1943 1628 1997 agebatur,

293 2003 368 2059 sed
379 2011 453 2058 pro
475 2002 596 2042 Italici
617 2001 723 2042 vobis
747 2001 795 2059 est
811 2000 1064 2058 pugnandum
1082 2019 1094 2042 .·
1127 2016 1192 2041 nec
1219 2001 1273 2059 est
1310 2000 1411 2042 alius
1443 2001 1492 2042 ab
1525 2009 1630 2057 tergo

1429 2061 1631 2114 exercitus,

308 2198 410 2232 vavit.
455 2197 513 2241 (2)
544 2198 670 2230 lronice
707 2196 846 2230 diffum-
892 2196 949 2239 (3)
977 2195 1130 2229 oratorie
1145 2194 1283 2228 ditstum.
1329 2194 1457 2228 Scilicet
1487 2196 1633 2228 Kartha·

307 2245 466 2290 ginienses
480 2245 522 2276 ad
540 2246 670 2287 Erycen
684 2243 810 2280 inclusi,
834 2242 1081 2275 duodevicenos
1109 2242 1144 2273 in
1168 2241 1278 2284 capita
1294 2241 1460 2280 denarios,
1480 2250 1518 2274 ut
1533 2241 1630 2274 emit-

307 2300 469 2329 terentur,
491 2291 636 2332 pendere
651 2289 757 2321 coacti
775 2290 917 2321 fuerant.
962 2290 1013 2320 De
1027 2286 1167 2330 captivis
1183 2287 1313 2319 tantum
1330 2294 1443 2319 narrat
1462 2289 1627 2324 Zonaras.

307 2336 598 2378 Karthaginienses
627 2333 752 2377 legibus
790 2334 880 2376 pacis
907 2332 1053 2366 debuisse
1080 2335 1249 2365 Romanos
1281 2335 1488 2374 ἆιχμαλωτυς
1516 2346 1626 2377 orgum:

308 2384 478 2422 ἰκπεμψαι,
505 2394 556 2416 τες
578 2379 605 2412 δ”
626 2382 735 2411 iana-m
751 2379 898 2423 πριαθαι.
923 2380 942 2410 l.
960 2379 988 2411 8.
1006 2383 1094 2411 Ann.
1110 2390 1136 2410 c.
1155 2388 1211 2418 17.
1258 2378 1315 2420 (4)
1347 2379 1526 2410 Herculem
1539 2380 1628 2411 fama

304 2435 376 2459 erat
395 2438 498 2458 uuum
514 2434 590 2459 ante
607 2425 829 2458 Hannibalem
846 2436 921 2457 cum
938 2426 1083 2457 exercitu
1108 2424 1213 2467 Alpes
1237 2423 1451 2458 transmisisse.
1475 2434 1580 2465 quum
1609 2436 1627 2456 a

307 2471 474 2515 Geryonis
487 2472 575 2503 bello
593 2472 769 2503 recederet.
813 2471 870 2513 (5)
897 2472 990 2514 Saepe
1019 2471 1069 2502 hae
1089 2471 1163 2502 duae
1181 2481 1276 2502 voces
1293 2470 1408 2501 eodem
1426 2469 1516 2501 sensu
1535 2469 1633 2501 usurae

306 2526 442 2559 pantur,
466 2525 502 2548 ut
519 2516 606 2548 infra
622 2517 643 2547 l.
661 2526 712 2556 37.
737 2527 764 2549 c.
779 2526 835 2555 55.
883 2517 1024 2554 Tamen,
1046 2515 1069 2547 sl
1082 2523 1271 2548 accuratam
1281 2514 1521 2556 proprietatem
1537 2525 1628 2556 quae-

308 2564 421 2598 rimus.
446 2573 485 2594 eo
501 2561 674 2598 differunt,
699 2563 792 2603 quod
803 2563 991 2606 stipendiarii
1013 2561 1087 2593 sunt
1104 2561 1139 2599 ii,
1161 2560 1219 2603 qui
1249 2568 1377 2592 certum
1393 2559 1539 2602 pecuniae
1556 2561 1627 2592 fru-

310 2608 456 2641 mcntive
506 2615 564 2639 aut
603 2607 774 2649 cujussibet
815 2607 861 2639 rei
905 2608 1042 2639 modum
1082 2607 1227 2649 pendere
1270 2605 1419 2643 debent;
1460 2607 1629 2648 vee'itgales,

307 2655 365 2696 qui
395 2653 571 2689 incertum,
610 2664 641 2684 v.
667 2664 695 2696 g.
727 2653 880 2685 decumas
909 2654 1090 2685 fruetuum.
1135 2651 1193 2693 (6)
1215 2650 1359 2683 Locutio
1390 2649 1486 2682 abiis
1514 2651 1628 2693 ducta,

308 2700 365 2741 qui
397 2699 441 2731 ob
471 2698 572 2730 scelus
603 2699 772 2740 quoddam
800 2698 895 2729 furiis
922 2697 1048 2741 agitati,
1081 2704 1114 2729 et
1145 2704 1256 2730 mente
1270 2695 1360 2738 quafi
1377 2695 1479 2739 capti,
1500 2703 1624 2729 temere

308 2745 341 2776 in
387 2743 568 2787 perniciem
600 2744 690 2775 suam
723 2751 835 2775 ruunt.
882 2744 939 2784 (7)
975 2742 1123 2785 lntellige
1157 2741 1407 2785 suppliciorum.
1452 2740 1624 2774 ludicatur

307 2799 416 2823 autem
435 2788 619 2831 graviffima
635 2799 740 2832 poena,
762 2789 827 2830 qua
843 2789 998 2821 mortales
1025 2788 1109 2821 affici
1127 2788 1266 2830 poss‘unt.
1311 2787 1366 2828 (8)
1382 2785 1628 2831 Subintell.ff.

308 2837 362 2869 Ad
390 2835 528 2868 tutelam
545 2835 686 2868 nostram
716 2834 882 2878 pertinere
907 2833 1108 2878 putavimus.
1152 2835 1240 2866 Infra
1255 2833 1275 2865 l.
1297 2841 1348 2870 24.
1371 2843 1400 2865 c.
1416 2841 1470 2872 22,
1490 2834 1626 2876 quesne

1549 2879 1625 2921 fidei
