1834 3099
356 226 590 269 LIBER
634 224 796 267 XXIV.
852 223 1008 268 CAP.
1059 225 1260 268 XXXIX.

154 357 236 398 que
253 343 425 400 oppositi
448 347 509 399 (1)
531 343 681 394 exitus,
703 355 795 396 pars
817 340 995 381 maxima
1017 340 1134 396 super
1157 341 1359 382 theatrum
1383 339 1459 382 cir-

155 417 302 456 caque,
332 403 468 443 assueti
493 406 535 444 δ’
567 401 659 443 ante
682 400 922 456 spe&aculis
943 401 1207 449 concionum,
1224 400 1458 440 consistunt.

144 459 386 504 Produetus
408 463 457 501 ad
479 463 677 516 populum
700 475 722 500 a
743 459 1043 514 magistratibus
1064 457 1284 512 praefeetus
1303 458 1461 497 Roma-

149 532 245 567 nus,
267 534 396 575 quum
425 519 600 560 consulis
619 533 666 559 ea
687 519 738 558 de
766 531 808 557 re
826 519 894 572 jus
915 531 961 558 ac
990 517 1231 572 potestatem
1253 516 1344 567 esse,
1376 529 1460 556 non

151 575 283 626 suam,
317 581 357 619 &
391 579 582 634 pleraque
599 578 757 625 eadem,
790 590 882 629 quae
902 576 1049 630 pridie,
1082 576 1268 623 dixisset·
1301 577 1342 628 (2
1350 574 1462 628 )pri·

90 656 104 663 ·-
149 633 224 675 mo
245 634 402 686 sensim,
433 651 479 677 ac
500 638 653 691 plures,
673 635 841 675 reddere
863 635 1010 683 claves,
1041 633 1166 674 dein
1152 648 1238 689 jam
1261 647 1341 673 una
1363 645 1462 672 voce

155 692 197 732 id
218 708 360 739 omncs
393 695 602 752 juberent,
633 693 928 746 cunctantique
965 707 1011 732 ae
1046 692 1251 732 differenti
1273 690 1464 731 ferociter

152 752 455 804 minitarentur,
487 767 562 793 nec
579 752 619 792 vi
636 762 811 792 crentur
832 751 938 792 ultra
960 751 1043 791 xim
1060 750 1247 791 ultimam
1269 750 1460 791 dilaturi·
1451 780 1463 800 ‚

152 819 244 850 tum
267 811 488 866 praefectus
520 811 620 865 toga
641 810 814 865 signum,
848 820 892 849 ut
914 820 1176 860 convenerat,
1209 810 1334 850 dedit.
1357 809 1466 849 mili-

154 868 294 924 tesque
327 869 473 911 intenti
495 869 652 913 dudum
684 883 728 909 ac
752 868 895 923 parati,
927 868 994 907 alii
1029 868 1232 922 superne
1223 882 1264 908 in
1287 868 1466 921 aversam

154 928 399 968 concionem
413 929 589 969 clamore
606 924 759 968 sublato
781 928 1020 976 decurrunt,
1053 927 1119 966 alii
1150 928 1201 967 ad
1223 927 1356 968 exitus
1377 927 1468 968 the-

155 985 233 1025 atri
254 985 429 1027 conferti
463 986 671 1027 obsistunt.
731 984 964 1026 Caeduntur
999 985 1241 1026 Hennenses
1263 1000 1384 1027 cavea
1406 986 1469 1025 in·-

156 1043 269 1093 clusi‚
302 1055 691 1099 coacervanturque,
712 1058 797 1084 non
819 1045 928 1091 caede
945 1043 1096 1094 solum,
1119 1043 1323 1090 sedetiam
1341 1044 1468 1100 fuga-3

156 1116 289 1156 quum
323 1103 390 1144 alii
426 1103 544 1158 super
575 1104 748 1144 aliorum
782 1103 916 1158 capita
949 1113 1130 1152 ruerent,
1162 1113 1283 1157 atque
1321 1104 1468 1159 integri

157 1161 322 1215 sauciis,
352 1162 433 1202 vivi
469 1162 641 1202 mortuis
677 1161 919 1211 incidentes,
965 1163 1286 1203 cumularentur.
1357 1161 1470 1202 ‘Inde

158 1219 300 1275 passim
323 1220 576 1269 discurritur,
602 1222 640 1261 δι
656 1220 768 1266 ,υὼίε
784 1230 910 1274 captae
928 1221 1052 1260 modo
1070 1219 1249 1276 fugaque
1273 1225 1313 1263 δι
1337 1222 1470 1262 caedes

160 1279 298 1318 omnia
316 1289 452 1320 tenet:
484 1279 612 1319 nihilo
629 1277 846 1318 remiffiore
867 1278 1044 1319 militum
1067 1278 1139 1328 ira,
1172 1277 1284 1334 qubd
1308 1279 1470 1320 turbam

158 1337 362 1378 inermem
383 1337 608 1387 caedebant,
639 1338 762 1392 quzim
786 1337 810 1376 fi
838 1336 1065 1392 periculum
1088 1352 1161 1392 par
1179 1341 1219 1379 &
1243 1339 1363 1379 ardor
1385 1352 1472 1379 cer-

159 1396 325 1437 taminis
347 1409 416 1436 eos
451 1396 639 1436 irritaret.
672 1397 733 1436 Ita
755 1395 922 1446 Henna,
957 1399 1020 1450 (3)
1053 1405 1123 1436 aut
1154 1398 1276 1446 malo,
1310 1408 1379 1437 aut
1401 1410 1473 1436 ne-

162 1454 326 1495 ceffario
348 1453 530 1495 facinore
557 1464 727 1496 retenta.
781 1453 1009 1495 Marcellus
1042 1468 1117 1495 nec
1139 1454 1298 1496 faCtum
1321 1455 1476 1510 impro-

159 1512 285 1563 bavit,
319 1515 360 1554 δι
383 1513 562 1569 praedam
586 1511 869 1557 Hennensium
891 1512 1088 1553 militibus
1110 1514 1316 1565 conceflit,
1347 1524 1475 1563 ratus,

161 1571 308 1612 timore
330 1571 542 1612 deterritos
562 1578 587 1624 †
617 1581 914 1626 temperaturos
949 1572 1250 1627 proditionibus
1272 1572 1476 1628 praefidio-

161 1643 255 1671 rum
276 1629 449 1671 Siculos.
514 1631 653 1684 Atque
688 1643 734 1670 ea
768 1630 927 1678 clades,
951 1640 996 1670 ut
1033 1630 1144 1671 urbis
1166 1633 1228 1685 (4)
1266 1631 1306 1671 in
1341 1630 1475 1672 media

160 1688 301 1730 Sicilia
335 1689 432 1740 fitae,
465 1689 664 1743 claraeque
687 1688 750 1728 vel
785 1687 837 1729 ob
860 1688 1057 1744 insignem
1075 1690 1335 1730 munimento
1357 1701 1478 1730 natu-

160 1747 236 1788 rali
257 1748 412 1798 locum,
434 1748 497 1788 vel
519 1747 613 1788 obs
610 1756 744 1787 aerata
764 1747 902 1792 omnia
919 1761 980 1787 ve
975 1747 1096 1802 ligiis
1119 1759 1245 1803 raptae
1267 1750 1475 1803 quondam

161 1805 431 1861 Proserpinae,
463 1810 591 1860 prope
615 1819 697 1848 uno
718 1806 782 1846 die
805 1819 972 1846 omnem
993 1806 1175 1846 Siciliam·
1199 1808 1382 1862 pervasit.
1426 1807 1477 1847 Et

164 1864 260 1918 quia
282 1866 392 1906 caede
415 1863 582 1904 infanda
604 1863 814 1916 rebantur,
845 1877 929 1904 non
951 1864 1168 1905 hominum
1192 1867 1369 1916 tantum,
1412 1866 1477 1905 sed

163 1923 287 1963 etiarn
309 1926 498 1967 Deorum
521 1922 656 1964 sedem
686 1923 876 1964 violatam
892 1923 985 1971 effe,
1007 1933 1097 1963 tum
1122 1923 1236 1973 vero,
1264 1924 1334 1978 qui
1356 1925 1479 1965 etiam

166 1981 260 2034 ante
297 1981 410 2022 dubii
447 1980 629 2034 fuerant,
661 1981 846 2022 defecere
879 1982 929 2021 ad
963 1981 1130 2023 Poenos.
1203 1982 1480 2038 Hippocrates

166 2040 262 2081 inde
292 2039 593 2094 Murgantiam,
627 2039 811 2080 Himilco
855 2039 1131 2096 Agrigentum
1172 2040 1251 2082 sese
1301 2042 1481 2096 recepit:

169 2112 299 2153 quum
322 2099 441 2139 acciti
472 2113 494 2138 a
525 2098 801 2153 proditoribus
823 2099 1171 2153 nequicquam'ad
1194 2100 1389 2141 Hennam
1412 2114 1483 2140 ex·

167 2157 342 2198 ercitum
359 2157 637 2205 admovissent.
699 2157 924 2197 Marcellus
944 2163 969 2211 †
988 2167 1097 2198 retro
1114 2157 1155 2201 in
1178 2159 1402 2199 Leontinos
1420 2173 1483 2199 re-

168 2217 228 2261 dit
247 2231 256 2258 ε
284 2215 577 2270 frumentoque
609 2217 648 2256 &
673 2215 970 2261 commeatibus
987 2217 1076 2259 aliis
1098 2217 1139 2259 in
1162 2216 1289 2265 castra
1310 2231 1484 2258 convec-

1415 2276 1483 2324 tis,

219 2394 256 2426 C.
277 2401 329 2434 39.
355 2391 411 2433 (1)
428 2393 518 2424 lnfrh
538 2392 561 2423 l.
576 2390 630 2424 26.
655 2401 686 2422 c.
701 2390 754 2429 46.
777 2405 823 2422 nec
840 2393 900 2422 ulla
916 2399 1090 2424 armatorum
1065 2393 1184 2468 msatt'o
1196 2400 1247 2424 ant
1263 2393 1336 2432 custo
1339 2395 1386 2424 dia
1403 2402 1486 2437 oppo-

163 2440 238 2484 fita·
254 2439 348 2481 Virg.
366 2438 389 2469 l.
410 2447 442 2470 2.
461 2439 541 2469 AEn.
557 2449 589 2470 v.
607 2447 682 2477 332.
700 2438 829 2478 Obfidere
840 2440 896 2467 αΙὶ’
873 2451 894 2468 ιι
907 2439 970 2468 tetis
985 2439 1085 2481 angust
1119 2451 1236 2469 vetrum
1254 2439 1389 2482 Oppofiti.
1425 2441 1487 2471 Ce-

173 2485 282 2528 terum
298 2483 400 2516 editio
413 2482 743 2518 Drakenborchiana,
761 2490 797 2514 ut
810 2482 940 2524 reliquae
956 2494 994 2524 pr
999 2492 1077 2515 aeter
1088 2483 1325 2522 Strothianam,
1339 2488 1486 2527 oppidanis

175 2530 321 2568 exhibet,
338 2539 400 2571 pro
416 2530 540 2573 oppqsti‚
564 2529 617 2560 sed
647 2538 824 2570 operarum
850 2539 975 2560 errore.
1024 2529 1094 2570 lpse
1109 2529 1197 2560 enim
1220 2529 1254 2560 in
1271 2530 1486 2562 annotatione

177 2577 219 2609 ad
247 2576 335 2607 hunc
355 2575 463 2606 locum
489 2574 636 2612 testatur,
658 2573 708 2605 se'
701 2585 735 2605 in
751 2581 943 2605 contextum
965 2573 1119 2616 recepiss‘e
1133 2576 1256 2619 oppsiti,
1271 2583 1388 2617 utpote
1405 2587 1488 2618 quo-

176 2621 318 2653 rundam
332 2619 482 2652 codicum
497 2619 558 2651 fide
572 2619 698 2651 nixum.
744 2620 801 2660 (2)
818 2619 952 2661 Praefige
967 2619 1044 2655 huic
1062 2620 1211 2652 membro
1228 2620 1424 2662 particulam
1442 2629 1490 2656 ct-.

178 2677 279 2709 quam
295 2666 473 2698 hauserunt
490 2665 615 2697 ultimae
633 2664 735 2696 literae
752 2664 842 2695 vocis
860 2665 1086 2706 praecedentis.
1134 2666 1191 2706 (3)
1216 2665 1357 2699 Dubitat
1374 2666 1491 2698 Livius

179 2722 221 2755 an
237 2712 372 2751 damnet
396 2712 536 2753 facinus,
556 2719 593 2745 ut
625 2711 760 2751 malum,
783 2720 824 2743 an
841 2710 981 2752 excuset,
1013 2719 1049 2744 ut
1066 2710 1288 2744 necessarium.
1334 2713 1391 2754 (4)
1409 2714 1490 2755 Qre

171 2774 176 2778 ·
1416 2767 1493 2790 nme

1598 232 1680 276 277

1487 803 1640 834 Caedunfur

1486 849 1523 878 H
1522 849 1653 889 enulfi!-
