1840 3094
152 237 230 281 162
854 237 908 280 T.
961 237 1181 281 LIVII

368 353 604 408 obequitare
639 354 767 409 portis
799 354 922 410 juffit.
968 355 1008 395 in
1041 369 1162 409 quos,
1205 353 1300 408 quia
1336 367 1411 394 nec
1454 352 1586 401 multi,
1632 352 1674 393 δι’

370 412 624 467 incompofiti
645 413 904 465 videbantur,
935 428 1063 468 quum
1087 424 1220 453 turma
1253 411 1439 466 equitum
1474 410 1677 466 erupifl'et,

371 471 421 512 ab
454 471 691 513 cedentibus
723 471 909 528 consulto
948 472 1078 512 traeta
1114 472 1156 511 in
1193 470 1369 522 infidias,
1401 471 1677 511 circumventa

371 530 456 571 est:
488 544 562 571 nec
598 530 772 578 evasisset
812 529 1041 584 quisquam,
1087 529 1128 569 ni
1159 543 1267 568 mare
1307 529 1601 583 propinquum,
1634 529 1677 567 &

370 588 480 630 haud
518 589 661 643 procul
700 579 816 628 lit'ore
851 603 973 629 naves
997 591 1057 643 (4)
1079 587 1302 642 piscatorite
1339 588 1541 641 pleraeque
1579 599 1678 625 con-

371 647 519 702 spefitae
549 647 686 701 peritis
705 646 827 686 nandi
859 647 1053 686 dedissent
1073 646 1285 701 effugium.
1349 646 1520 699 Aliquot
1539 654 1677 684 tamen

369 720 420 746 eo
440 706 587 760 proelio
609 705 763 746 nobiles
777 705 948 759 juvenes
968 705 1075 759 capti
1109 705 1278 758 caesique
1302 703 1417 744 sunt:
1450 704 1554 743 inter
1575 715 1678 756 quos

375 766 414 805 3:
438 764 603 819 Hegeas
641 763 860 818 praefetstus
881 763 1083 816 equitum,
1113 763 1452 816 intemperantius
1487 762 1678 802 cedentes

371 822 551 874 secutus,
581 821 742 862 cecidit.
807 821 873 862 Ab
909 820 1007 861 urbe
1034 819 1310 875 oppugnanda&
1334 823 1508 862 Poenum
1531 817 1681 859 abster-

370 894 488 922 ruere
527 879 745 934 conspeEta
795 878 963 929 moenia,
1012 879 1330 932 haudquaquam
1381 881 1443 934 (5)
1489 888 1678 933 prompta

371 939 639 994 oppugnanti.

264 1005 290 1054 †
430 998 484 1039 11.
517 997 617 1037 Inde
637 997 824 1050 Capuam
845 994 975 1035 flectit
996 995 1088 1046 iter,
1108 1000 1132 1047 †
1151 994 1427 1035 luxuriantem
1449 995 1569 1050 longa
1591 993 1683 1034 feli-

372 1055 492 1097 citate
527 1064 648 1108 atque
681 1053 933 1108 indulgentia
971 1052 1162 1104 fortunae,
1194 1052 1369 1093 maxime
1392 1064 1544 1102 tamen,
1577 1052 1682 1093 inter

371 1122 563 1166 corrupta
597 1111 750 1161 omnia,
793 1112 958 1152 licentia
998 1111 1127 1165 plebis
1169 1111 1248 1151 fine
1288 1112 1413 1151 modo
1453 1111 1682 1151 libertatem

150 1192 298 1224 pacm-„5
371 1171 611 1212 exercentis.
672 1169 869 1210 Senatum
894 1172 934 1211 δε
966 1169 1034 1208 fibi
1058 1171 1097 1210 &
1122 1168 1229 1222 plebi
1250 1182 1275 1221 †
1294 1168 1519 1209 obnoxium
1549 1169 1682 1210 Pacu-

151 1241 290 1269 Calavius
305 1238 354 1277 fi·
371 1230 460 1271 vius
479 1228 671 1270 Calavius
691 1227 870 1276 fecerat3
903 1226 1050 1267 nobilis
1069 1231 1092 1279 ss
1114 1227 1222 1266 idem
1239 1241 1285 1267 ac
1311 1227 1518 1281 popularis
1537 1227 1682 1277 honm,

148 1293 246 1316 ”atum
270 1286 355 1339 ΟΨ·
369 1289 555 1330 ceterum
577 1286 694 1327 malis
715 1285 868 1326 artibus
900 1284 1075 1325 nanetus
1111 1298 1224 1338 opes.
1260 1285 1294 1325 is
1321 1300 1451 1340 quum
1487 1299 1534 1326 eo
1574 1284 1681 1326 forte

144 1332 354 1418 {gazzi-2311-
371 1361 495 1395 anno,
527 1360 609 1400 quo
631 1358 693 1385 res
716 1342 820 1384 male
841 1343 950 1399 gesta
972 1344 1021 1383 ad
1037 1342 1076 1382 T
1079 1343 1323 1383 rafimenum
1353 1344 1426 1393 est,
1458 1343 1500 1383 in
1522 1343 1682 1384 summo

148 1423 194 1455 cit.
361 1404 609 1461 'magistratu
628 1403 736 1452 effet,
764 1403 850 1458 jam
871 1402 942 1443 diu
964 1399 1151 1442 infestam
1173 1400 1327 1442 senatui
1343 1401 1522 1456 plebem,
1553 1413 1683 1455 ratus,

372 1478 444 1519 per
460 1463 712 1504 occafionem
734 1466 759 1513 †
775 1460 952 1500 novandi
974 1474 1052 1511 res,
1085 1473 1280 1514 magnum
1303 1460 1489 1504 ausuram
1505 1460 1683 1511 facinus,

373 1532 434 1572 ut,
465 1522 490 1561 fi
514 1521 555 1560 ‘m
575 1534 622 1561 ea
643 1520 733 1559 loca
749 1518 956 1558 Hannibal
978 1531 1074 1558 cum
1094 1517 1250 1558 viCtore
1283 1519 1463 1559 exercitu
1497 1520 1682 1569 venisset,

371 1579 575 1621 trucidato
616 1577 755 1617 senatu
796 1576 972 1616 traderet
1014 1575 1200 1629 Capuam
1244 1576 1421 1626 Poenis3
1469 1576 1681 1631 improbus

371 1638 514 1688 homo,
556 1636 625 1677 sed
657 1646 741 1675 non
779 1635 829 1674 ad
869 1643 1100 1674 extremum
1135 1633 1333 1687 perditus,
1376 1649 1506 1688 quum
1540 1636 1681 1676 mallet

372 1695 586 1745 incolumi,
640 1692 766 1748 quam
806 1691 957 1742 eversa,
1018 1690 1225 1745 republica
1253 1692 1471 1743 dominari,
1521 1695 1678 1734 nullam

265 1771 291 1818 †
374 1765 510 1795 autem
530 1753 780 1793 incolumem
799 1751 875 1791 effe
896 1750 1077 1790 orbatam
1101 1749 1268 1804 publico
1286 1751 1450 1791 consilio
1467 1752 1678 1801 crederet3

372 1812 572 1853 rationem
604 1808 712 1861 iniit,
743 1809 824 1862 qua
862 1811 900 1849 δι
939 1809 1122 1848 senatum
1159 1807 1345 1859 servaret,
1379 1812 1420 1850 δε
1455 1809 1681 1854 obnoxium

373 1870 443 1911 fibi
483 1884 530 1910 ae
564 1868 672 1923 plebi
705 1867 874 1908 faceret.
935 1867 1098 1906 Vocato
1141 1865 1298 1917 senatu,
1330 1882 1474 1920 quum,
1505 1867 1575 1908 fibi
1610 1870 1682 1909 de-

372 1927 565 1969 fectionis
587 1927 636 1967 ab
659 1925 859 1966 Romanis
888 1924 1099 1965 confilium
1120 1923 1366 1977 placiturum
1382 1967 1387 1971 ζ
1403 1926 1517 1965 nullo
1539 1927 1682 1979 modo,

373 1987 445 2027 nifi
478 1984 740 2026 neceffarium
779 1983 926 2032 fuisset,
958 1981 1151 2036 praefatus
1183 1983 1278 2022 efi'et
1305 1985 1365 2038 (1)
1394 2000 1406 2032 ;
1452 1985 1583 2038 quippe
1617 1988 1683 2039 qui

373 2047 503 2086 liberos
541 2059 585 2083 ex
620 2042 697 2096 Ap.
735 2042 888 2081 Claudii
919 2040 1017 2096 filici
1065 2040 1230 2092 haberet,
1264 2039 1467 2095 filiamque
1517 2042 1680 2083 Romam

375 2106 437 2158 (2)
450 2110 605 2156 nuptum
625 2101 743 2140 Livio
755 2100 898 2156 dedfft
914 2121 927 2145 ;
960 2097 1119 2138 ceterz‘cm
1139 2100 1312 2153 mqjorem
1329 2100 1442 2139 multo
1455 2116 1533 2140 rem
1549 2102 1684 2157 magts-

376 2177 445 2217 qne
464 2160 665 2201 timendam
696 2159 853 2214 instare.
915 2157 1003 2196 Non
1036 2159 1133 2196 enim
1164 2167 1235 2209 per
1263 2157 1495 2213 dfic‘Jionem
1529 2159 1582 2200 ad
1612 2161 1681 2200 tol-

377 2221 524 2261 lendum
545 2235 588 2259 ex
603 2219 759 2257 civitate
790 2217 954 2257 senatum
971 2216 1115 2270 plebem
1137 2215 1324 2269 speHm-e,
1343 2216 1420 2273 sed
1443 2228 1516 2271 per
1552 2217 1681 2258 caedem

1518 2275 1682 2334 finatlcs

374 2431 453 2463 nino
469 2431 537 2473 lege
552 2432 725 2462 deditionem.
770 2428 833 2460 Hae
849 2439 946 2460 voces
972 2428 1048 2460 alibi
1075 2433 1336 2461 commutantur.
1383 2429 1438 2471 (4)
1459 2428 1580 2466 Νπνες,
1602 2439 1683 2470 qua-

376 2488 449 2507 rum
467 2476 613 2518 plurimae
630 2478 764 2507 fuerunt
783 2474 972 2516 piscatoriae.
1021 2476 1105 2505 Mox
1122 2476 1249 2517 zledffut
1264 2476 1406 2516 effugiunt,
1433 2481 1469 2505 ut
1486 2474 1570 2505 infra
1594 2473 1612 2504 Ι.
1631 2483 1682 2512 24.

374 2533 403 2552 c.
429 2521 480 2553 26.
501 2523 534 2564 .st
557 2524 686 2564 ffrgium
707 2521 842 2563 pumfft
867 2524 896 2550 i1:
917 2521 1071 2562 publicum.
1119 2521 1175 2563 (5)
1198 2520 1228 2551 h.
1254 2531 1281 2551 e.
1307 2519 1562 2561 haudquaquam
1585 2519 1680 2551 facili:

374 2567 602 2608 expugnanda.

420 2630 466 2660 Ο..
481 2637 510 2660 2.
557 2628 613 2668 (1)
636 2628 759 2659 Pendet
786 2626 904 2663 oratio,
926 2626 1028 2667 usque
1045 2627 1085 2657 ad
1104 2625 1242 2658 verbum
1266 2629 1382 2669 inquit5
1410 2608 1446 2657 u.t
1475 2625 1572 2668 supra
1603 2626 1623 2657 1.
1642 2636 1677 2665 5.

373 2685 404 2704 e.
425 2683 475 2710 24.
502 2673 525 2704 l.
541 2682 592 2704 22.
609 2684 636 2703 c.
656 2673 705 2703 18.
749 2672 805 2712 (2)
831 2673 961 2713 Nuptzmz
977 2675 1045 2702 darc
1059 2671 1155 2713 supra
1173 2671 1197 2702 l.
1219 2681 1247 2701 1.
1265 2683 1295 2714 ς.
1309 2670 1506 2712 49.infra1.
1523 2680 1572 2710 30.
1586 2682 1614 2703 c.
1628 2681 1679 2711 13.

374 2721 480 2751 Porro
496 2726 610 2761 uastum
623 2721 651 2749 in
663 2719 738 2748 alias
753 2721 884 2749 civitates
902 2717 1036 2759 svllomgffc
1053 2716 1134 2748 dixit
1167 2716 1241 2750 Caes-
1269 2718 1288 2749 l.
1314 2726 1342 2749 1.
1359 2716 1440 2749 Bell.
1457 2715 1542 2748 Gall.
1571 2727 1601 2748 c.
1622 2716 1675 2748 18.

1640 2770 1677 2794 ut
