<?xml version="1.0" encoding="UTF-8"?>
<!DOCTYPE html PUBLIC "-//W3C//DTD XHTML 1.0 Transitional//EN"
    "http://www.w3.org/TR/xhtml1/DTD/xhtml1-transitional.dtd">
<html xmlns="http://www.w3.org/1999/xhtml" xml:lang="en" lang="en">
 <head>
  <title>
</title>
<meta http-equiv="Content-Type" content="text/html;charset=utf-8" />
  <meta name='ocr-system' content='tesseract 3.04.00' />
  <meta name='ocr-capabilities' content='ocr_page ocr_carea ocr_par ocr_line ocrx_word'/>
</head>
<body>
  <div class='ocr_page' id='page_1' title='image "./historiaeromanae02livyuoft_0186.png"; bbox 0 0 1860 3099; ppageno 0'>
   <div class='ocr_carea' id='block_1_1' title="bbox 147 199 225 244">
    <p class='ocr_par' dir='ltr' id='par_1_1' title="bbox 147 199 225 244">
     <span class='ocr_line' id='line_1_1' title="bbox 147 199 225 244; baseline 0.013 -12"><span class='ocrx_word' id='word_1_1' title='bbox 147 199 225 244; x_wconf 72' lang='lat'>172</span> 
     </span>
    </p>
   </div>
   <div class='ocr_carea' id='block_1_2' title="bbox 133 550 346 729">
    <p class='ocr_par' dir='ltr' id='par_1_2' title="bbox 133 550 344 729">
     <span class='ocr_line' id='line_1_2' title="bbox 140 550 289 581; baseline -0.013 0"><span class='ocrx_word' id='word_1_2' title='bbox 140 550 289 581; x_wconf 66' lang='grc' dir='ltr'><em>ῘῙιυιπῖὖαΙ</em></span> 
     </span>
     <span class='ocr_line' id='line_1_3' title="bbox 139 595 346 626; baseline -0.005 0"><span class='ocrx_word' id='word_1_3' title='bbox 139 597 256 626; x_wconf 60' lang='lat' dir='ltr'>Decium</span> <span class='ocrx_word' id='word_1_4' title='bbox 268 595 346 625; x_wconf 79' lang='lat' dir='ltr'>Ma-</span> 
     </span>
     <span class='ocr_line' id='line_1_4' title="bbox 133 641 344 683; baseline 0.005 -13"><span class='ocrx_word' id='word_1_5' title='bbox 133 641 274 683; x_wconf 73' lang='lat' dir='ltr'>giumsibi</span> <span class='ocrx_word' id='word_1_6' title='bbox 285 643 344 672; x_wconf 76' lang='lat' dir='ltr'>dedi</span> 
     </span>
     <span class='ocr_line' id='line_1_5' title="bbox 133 686 265 729; baseline 0 -11"><span class='ocrx_word' id='word_1_7' title='bbox 133 686 265 729; x_wconf 69' lang='lat' dir='ltr'>postulat·</span> 
     </span>
    </p>
   </div>
   <div class='ocr_carea' id='block_1_3' title="bbox 139 1544 335 1715">
    <p class='ocr_par' dir='ltr' id='par_1_3' title="bbox 139 1544 331 1715">
     <span class='ocr_line' id='line_1_6' title="bbox 141 1544 331 1587; baseline -0.005 -10"><span class='ocrx_word' id='word_1_8' title='bbox 141 1545 266 1587; x_wconf 69' lang='lat' dir='ltr'>..Magius</span> <span class='ocrx_word' id='word_1_9' title='bbox 282 1544 331 1576; x_wconf 55' lang='lat' dir='ltr'>ab</span> 
     </span>
     <span class='ocr_line' id='line_1_7' title="bbox 139 1593 289 1623; baseline 0.007 -3"><span class='ocrx_word' id='word_1_10' title='bbox 139 1594 250 1623; x_wconf 78' lang='lat' dir='ltr'><em>ducitur</em></span> <span class='ocrx_word' id='word_1_11' title='bbox 260 1593 289 1621; x_wconf 83' lang='lat' dir='ltr'>in</span> 
     </span>
     <span class='ocr_line' id='line_1_8' title="bbox 139 1636 335 1674; baseline 0.006 -8"><span class='ocrx_word' id='word_1_12' title='bbox 139 1636 233 1674; x_wconf 71' lang='lat' dir='ltr'>cqlira</span> <span class='ocrx_word' id='word_1_13' title='bbox 250 1637 335 1667; x_wconf 81' lang='lat' dir='ltr'>Han-</span> 
     </span>
     <span class='ocr_line' id='line_1_9' title="bbox 140 1681 251 1715; baseline -0.027 0"><span class='ocrx_word' id='word_1_14' title='bbox 140 1681 251 1715; x_wconf 63' lang='lat' dir='ltr'>albulis-</span> 
     </span>
    </p>
   </div>
   <div class='ocr_carea' id='block_1_4' title="bbox 866 193 1170 257">
    <p class='ocr_par' dir='ltr' id='par_1_4' title="bbox 866 193 1170 257">
     <span class='ocr_line' id='line_1_10' title="bbox 866 193 1170 257; baseline 0 -21"><span class='ocrx_word' id='word_1_15' title='bbox 866 193 1170 257; x_wconf 11' lang='lat' dir='ltr'>&#39;1‘.71,1V11</span> 
     </span>
    </p>
   </div>
   <div class='ocr_carea' id='block_1_5' title="bbox 360 307 1678 2000">
    <p class='ocr_par' dir='ltr' id='par_1_5' title="bbox 361 307 1675 425">
     <span class='ocr_line' id='line_1_11' title="bbox 363 307 1675 367; baseline 0.002 -21"><span class='ocrx_word' id='word_1_16' title='bbox 363 307 507 362; x_wconf 75' lang='lat' dir='ltr'>quando</span> <span class='ocrx_word' id='word_1_17' title='bbox 531 318 672 362; x_wconf 74' lang='lat' dir='ltr'>parens</span> <span class='ocrx_word' id='word_1_18' title='bbox 711 318 914 367; x_wconf 75' lang='lat' dir='ltr'><em>extorquet,</em></span> <span class='ocrx_word' id='word_1_19' title='bbox 965 314 1098 367; x_wconf 81' lang='lat' dir='ltr'><em>recipe.</em></span> <span class='ocrx_word' id='word_1_20' title='bbox 1179 312 1282 353; x_wconf 82' lang='lat' dir='ltr'>Haec</span> <span class='ocrx_word' id='word_1_21' title='bbox 1325 325 1453 365; x_wconf 87' lang='lat' dir='ltr'>quum</span> <span class='ocrx_word' id='word_1_22' title='bbox 1499 311 1675 360; x_wconf 73' lang='lat' dir='ltr'>dixisset,</span> 
     </span>
     <span class='ocr_line' id='line_1_12' title="bbox 361 367 1668 425; baseline 0.002 -19"><span class='ocrx_word' id='word_1_23' title='bbox 361 367 543 421; x_wconf 83' lang='lat' dir='ltr'><strong>gladium</strong></span> <span class='ocrx_word' id='word_1_24' title='bbox 576 368 615 407; x_wconf 91' lang='lat' dir='ltr'>in</span> <span class='ocrx_word' id='word_1_25' title='bbox 649 368 858 422; x_wconf 85' lang='lat' dir='ltr'>publiCum</span> <span class='ocrx_word' id='word_1_26' title='bbox 891 380 999 412; x_wconf 84' lang='lat' dir='ltr'>trans</span> <span class='ocrx_word' id='word_1_27' title='bbox 1033 371 1249 412; x_wconf 80' lang='lat' dir='ltr'>maceriam</span> <span class='ocrx_word' id='word_1_28' title='bbox 1273 373 1334 424; x_wconf 88' lang='lat'>(7)</span> <span class='ocrx_word' id='word_1_29' title='bbox 1355 370 1462 410; x_wconf 88' lang='lat' dir='ltr'>horti</span> <span class='ocrx_word' id='word_1_30' title='bbox 1493 369 1668 425; x_wconf 80' lang='lat' dir='ltr'>abjecit.</span> 
     </span>
    </p>

    <p class='ocr_par' dir='ltr' id='par_1_6' title="bbox 362 425 1670 524">
     <span class='ocr_line' id='line_1_13' title="bbox 363 425 1670 485; baseline 0.002 -19"><span class='ocrx_word' id='word_1_31' title='bbox 363 428 423 474; x_wconf 85' lang='lat'>&amp;,</span> <span class='ocrx_word' id='word_1_32' title='bbox 454 440 536 480; x_wconf 89' lang='lat' dir='ltr'>quo</span> <span class='ocrx_word' id='word_1_33' title='bbox 562 425 699 468; x_wconf 74' lang='lat' dir='ltr'>minus</span> <span class='ocrx_word' id='word_1_34' title='bbox 731 443 796 470; x_wconf 86' lang='lat' dir='ltr'>res</span> <span class='ocrx_word' id='word_1_35' title='bbox 829 429 1011 485; x_wconf 64' lang='lat' dir='ltr'>suspecta</span> <span class='ocrx_word' id='word_1_36' title='bbox 1044 429 1153 481; x_wconf 84' lang='lat' dir='ltr'>effet,</span> <span class='ocrx_word' id='word_1_37' title='bbox 1182 429 1323 484; x_wconf 85' lang='lat' dir='ltr'>seipse</span> <span class='ocrx_word' id='word_1_38' title='bbox 1357 428 1543 470; x_wconf 91' lang='lat' dir='ltr'>convivio</span> <span class='ocrx_word' id='word_1_39' title='bbox 1577 427 1670 468; x_wconf 86' lang='lat' dir='ltr'>red·</span> 
     </span>
     <span class='ocr_line' id='line_1_14' title="bbox 362 483 481 525; baseline -0.01 -1"><span class='ocrx_word' id='word_1_40' title='bbox 362 483 481 525; x_wconf 83' lang='lat' dir='ltr'>didit.</span> 
     </span>
    </p>

    <p class='ocr_par' dir='ltr' id='par_1_7' title="bbox 360 542 1678 1947">
     <span class='ocr_line' id='line_1_15' title="bbox 419 542 1668 602; baseline 0 -19"><span class='ocrx_word' id='word_1_41' title='bbox 419 543 473 583; x_wconf 89' lang='lat' dir='ltr'>X.</span> <span class='ocrx_word' id='word_1_42' title='bbox 505 543 671 585; x_wconf 86' lang='lat' dir='ltr'>Postero</span> <span class='ocrx_word' id='word_1_43' title='bbox 694 545 758 585; x_wconf 87' lang='lat' dir='ltr'>die</span> <span class='ocrx_word' id='word_1_44' title='bbox 780 544 940 587; x_wconf 84' lang='lat' dir='ltr'>senatus</span> <span class='ocrx_word' id='word_1_45' title='bbox 972 546 1164 602; x_wconf 83' lang='lat' dir='ltr'><strong>frequens</strong></span> <span class='ocrx_word' id='word_1_46' title='bbox 1187 548 1304 588; x_wconf 85' lang='lat' dir='ltr'>datus</span> <span class='ocrx_word' id='word_1_47' title='bbox 1337 544 1574 587; x_wconf 73' lang='lat' dir='ltr'>Hannibali.</span> <span class='ocrx_word' id='word_1_48' title='bbox 1597 542 1668 584; x_wconf 82' lang='lat' dir='ltr'>ubi</span> 
     </span>
     <span class='ocr_line' id='line_1_16' title="bbox 362 601 1669 671; baseline 0.002 -31"><span class='ocrx_word' id='word_1_49' title='bbox 362 601 492 656; x_wconf 83' lang='lat' dir='ltr'>prima</span> <span class='ocrx_word' id='word_1_50' title='bbox 512 603 600 658; x_wconf 80' lang='lat' dir='ltr'>ejus</span> <span class='ocrx_word' id='word_1_51' title='bbox 621 604 750 644; x_wconf 85' lang='lat' dir='ltr'>oratio</span> <span class='ocrx_word' id='word_1_52' title='bbox 772 604 990 671; x_wconf 83' lang='lat' dir='ltr'>perblanda</span> <span class='ocrx_word' id='word_1_53' title='bbox 1021 620 1066 646; x_wconf 86' lang='lat' dir='ltr'>ac</span> <span class='ocrx_word' id='word_1_54' title='bbox 1098 606 1272 661; x_wconf 88' lang='lat' dir='ltr'>benigna</span> <span class='ocrx_word' id='word_1_55' title='bbox 1293 605 1388 656; x_wconf 84' lang='lat' dir='ltr'>fuit,</span> <span class='ocrx_word' id='word_1_56' title='bbox 1419 617 1495 658; x_wconf 83' lang='lat' dir='ltr'>qua</span> <span class='ocrx_word' id='word_1_57' title='bbox 1520 602 1669 658; x_wconf 77' lang='lat' dir='ltr'>gratias</span> 
     </span>
     <span class='ocr_line' id='line_1_17' title="bbox 361 659 1669 716; baseline 0 -16"><span class='ocrx_word' id='word_1_58' title='bbox 361 659 446 715; x_wconf 87' lang='lat' dir='ltr'>egit</span> <span class='ocrx_word' id='word_1_59' title='bbox 466 661 706 715; x_wconf 84' lang='lat' dir='ltr'>Campanis,</span> <span class='ocrx_word' id='word_1_60' title='bbox 735 664 849 716; x_wconf 69' lang='lat' dir='ltr'>qudd</span> <span class='ocrx_word' id='word_1_61' title='bbox 871 663 1091 704; x_wconf 83' lang='lat' dir='ltr'>amicitiam</span> <span class='ocrx_word' id='word_1_62' title='bbox 1122 664 1233 705; x_wconf 90' lang='lat' dir='ltr'>suam</span> <span class='ocrx_word' id='word_1_63' title='bbox 1267 664 1466 704; x_wconf 68' lang='lat' dir='ltr'>Romana»,</span> <span class='ocrx_word' id='word_1_64' title='bbox 1488 660 1669 701; x_wconf 79' lang='lat' dir='ltr'>societati</span> 
     </span>
     <span class='ocr_line' id='line_1_18' title="bbox 360 718 1671 778; baseline 0 -20"><span class='ocrx_word' id='word_1_65' title='bbox 360 719 690 774; x_wconf 84' lang='lat' dir='ltr'>praeposuifient:</span> <span class='ocrx_word' id='word_1_66' title='bbox 723 723 764 762; x_wconf 68' lang='grc' dir='ltr'>δι</span> <span class='ocrx_word' id='word_1_67' title='bbox 787 722 892 761; x_wconf 87' lang='lat' dir='ltr'>inter</span> <span class='ocrx_word' id='word_1_68' title='bbox 926 732 1059 763; x_wconf 81' lang='lat' dir='ltr'>cetera</span> <span class='ocrx_word' id='word_1_69' title='bbox 1093 721 1309 778; x_wconf 81' lang='lat' dir='ltr'>magnifica</span> <span class='ocrx_word' id='word_1_70' title='bbox 1345 720 1530 775; x_wconf 86' lang='lat' dir='ltr'>promifla</span> <span class='ocrx_word' id='word_1_71' title='bbox 1552 718 1671 774; x_wconf 87' lang='lat' dir='ltr'>polli-</span> 
     </span>
     <span class='ocr_line' id='line_1_19' title="bbox 361 777 1670 845; baseline -0.001 -28"><span class='ocrx_word' id='word_1_72' title='bbox 361 777 483 827; x_wconf 88' lang='lat' dir='ltr'>citus,</span> <span class='ocrx_word' id='word_1_73' title='bbox 512 777 623 819; x_wconf 89' lang='lat' dir='ltr'>brevi</span> <span class='ocrx_word' id='word_1_74' title='bbox 645 788 767 833; x_wconf 88' lang='lat' dir='ltr'>caput</span> <span class='ocrx_word' id='word_1_75' title='bbox 786 780 915 821; x_wconf 79' lang='lat' dir='ltr'>Italiae</span> <span class='ocrx_word' id='word_1_76' title='bbox 931 782 1043 820; x_wconf 88' lang='lat' dir='ltr'>omni</span> <span class='ocrx_word' id='word_1_77' title='bbox 1065 784 1102 836; x_wconf 87' lang='lat'>(1</span> <span class='ocrx_word' id='word_1_78' title='bbox 1089 785 1128 836; x_wconf 86' lang='lat'>1)</span> <span class='ocrx_word' id='word_1_79' title='bbox 1150 783 1336 845; x_wconf 85' lang='lat' dir='ltr'>Capuam</span> <span class='ocrx_word' id='word_1_80' title='bbox 1358 779 1461 828; x_wconf 84' lang='lat' dir='ltr'>fore,</span> <span class='ocrx_word' id='word_1_81' title='bbox 1494 780 1670 834; x_wconf 75' lang='lat' dir='ltr'>juraque</span> 
     </span>
     <span class='ocr_line' id='line_1_20' title="bbox 360 835 1668 893; baseline 0 -18"><span class='ocrx_word' id='word_1_82' title='bbox 360 835 455 876; x_wconf 88' lang='lat' dir='ltr'>inde</span> <span class='ocrx_word' id='word_1_83' title='bbox 491 851 586 877; x_wconf 91' lang='lat' dir='ltr'>cum</span> <span class='ocrx_word' id='word_1_84' title='bbox 623 838 766 878; x_wconf 87' lang='lat' dir='ltr'>ceteris</span> <span class='ocrx_word' id='word_1_85' title='bbox 798 839 960 893; x_wconf 88' lang='lat' dir='ltr'>populis</span> <span class='ocrx_word' id='word_1_86' title='bbox 996 840 1233 881; x_wconf 84' lang='lat' dir='ltr'>Romanum</span> <span class='ocrx_word' id='word_1_87' title='bbox 1270 839 1392 880; x_wconf 89' lang='lat' dir='ltr'>etiam</span> <span class='ocrx_word' id='word_1_88' title='bbox 1428 838 1668 892; x_wconf 88' lang='lat' dir='ltr'>petiturum.</span> 
     </span>
     <span class='ocr_line' id='line_1_21' title="bbox 368 894 1669 955; baseline -0.003 -18"><span class='ocrx_word' id='word_1_89' title='bbox 368 894 496 937; x_wconf 88' lang='lat' dir='ltr'>Unum</span> <span class='ocrx_word' id='word_1_90' title='bbox 517 896 580 951; x_wconf 75' lang='lat' dir='ltr'>‘&#39;ffi’</span> <span class='ocrx_word' id='word_1_91' title='bbox 605 896 705 952; x_wconf 66' lang='lat' dir='ltr'>exsti</span> <span class='ocrx_word' id='word_1_92' title='bbox 706 905 778 936; x_wconf 85' lang='lat' dir='ltr'>tem</span> <span class='ocrx_word' id='word_1_93' title='bbox 798 897 954 937; x_wconf 79' lang='lat' dir='ltr'>Punicae</span> <span class='ocrx_word' id='word_1_94' title='bbox 974 900 1143 938; x_wconf 78' lang='lat' dir='ltr'>amicitiae</span> <span class='ocrx_word' id='word_1_95' title='bbox 1160 898 1387 955; x_wconf 65' lang='lat' dir='ltr'>siedevisque</span> <span class='ocrx_word' id='word_1_96' title='bbox 1405 897 1532 953; x_wconf 69' lang='lat' dir='ltr'>ficum</span> <span class='ocrx_word' id='word_1_97' title='bbox 1545 894 1669 951; x_wconf 68' lang='lat' dir='ltr'>faHi,</span> 
     </span>
     <span class='ocr_line' id='line_1_22' title="bbox 361 953 1667 1011; baseline -0.001 -19"><span class='ocrx_word' id='word_1_98' title='bbox 361 968 468 1009; x_wconf 87' lang='lat' dir='ltr'>quem</span> <span class='ocrx_word' id='word_1_99' title='bbox 488 969 602 1008; x_wconf 82' lang='lat' dir='ltr'>neque</span> <span class='ocrx_word' id='word_1_100' title='bbox 622 957 684 1009; x_wconf 88' lang='lat'>(2)</span> <span class='ocrx_word' id='word_1_101' title='bbox 706 955 768 1011; x_wconf 74' lang='lat' dir='ltr'><em>ff</em></span> <span class='ocrx_word' id='word_1_102' title='bbox 789 956 1038 1010; x_wconf 81' lang='lat' dir='ltr'>Campanum,</span> <span class='ocrx_word' id='word_1_103' title='bbox 1071 972 1183 1011; x_wconf 83' lang='lat' dir='ltr'>neque</span> <span class='ocrx_word' id='word_1_104' title='bbox 1208 956 1282 997; x_wconf 83' lang='lat' dir='ltr'>dici</span> <span class='ocrx_word' id='word_1_105' title='bbox 1309 956 1450 1006; x_wconf 64' lang='lat' dir='ltr'>debete,</span> <span class='ocrx_word' id='word_1_106' title='bbox 1479 953 1667 1007; x_wconf 82' lang='lat' dir='ltr'>Magium</span> 
     </span>
     <span class='ocr_line' id='line_1_23' title="bbox 362 1011 1671 1070; baseline -0.002 -18"><span class='ocrx_word' id='word_1_107' title='bbox 362 1011 539 1052; x_wconf 83' lang='lat' dir='ltr'>Decium.</span> <span class='ocrx_word' id='word_1_108' title='bbox 562 1028 643 1052; x_wconf 86' lang='lat' dir='ltr'>eum</span> <span class='ocrx_word' id='word_1_109' title='bbox 659 1013 875 1070; x_wconf 84' lang='lat' dir='ltr'>postulare,</span> <span class='ocrx_word' id='word_1_110' title='bbox 906 1022 948 1054; x_wconf 82' lang='lat' dir='ltr'>ut</span> <span class='ocrx_word' id='word_1_111' title='bbox 959 1014 1037 1069; x_wconf 84' lang='lat' dir='ltr'>sbi</span> <span class='ocrx_word' id='word_1_112' title='bbox 1062 1015 1233 1060; x_wconf 75' lang='lat' dir='ltr'>dedatur,</span> <span class='ocrx_word' id='word_1_113' title='bbox 1265 1030 1309 1055; x_wconf 82' lang='lat' dir='ltr'>ac</span> <span class='ocrx_word' id='word_1_114' title='bbox 1313 1015 1358 1069; x_wconf 90' lang='lat' dir='ltr'>se</span> <span class='ocrx_word' id='word_1_115' title='bbox 1372 1024 1425 1068; x_wconf 64' lang='lat' dir='ltr'>pv</span> <span class='ocrx_word' id='word_1_116' title='bbox 1424 1015 1546 1068; x_wconf 76' lang='lat' dir='ltr'>aesente</span> <span class='ocrx_word' id='word_1_117' title='bbox 1566 1011 1608 1051; x_wconf 81' lang='lat' dir='ltr'>cle</span> <span class='ocrx_word' id='word_1_118' title='bbox 1634 1025 1671 1050; x_wconf 83' lang='lat' dir='ltr'>eo</span> 
     </span>
     <span class='ocr_line' id='line_1_24' title="bbox 362 1069 1671 1129; baseline 0 -20"><span class='ocrx_word' id='word_1_119' title='bbox 362 1070 570 1125; x_wconf 71' lang='lat' dir='ltr'>referatur,</span> <span class='ocrx_word' id='word_1_120' title='bbox 587 1071 814 1126; x_wconf 82' lang='lat' dir='ltr'><em>senatusque</em></span> <span class='ocrx_word' id='word_1_121' title='bbox 840 1073 1040 1128; x_wconf 84' lang='lat' dir='ltr'>consultum</span> <span class='ocrx_word' id='word_1_122' title='bbox 1059 1074 1156 1129; x_wconf 84' lang='lat' dir='ltr'>fiat.</span> <span class='ocrx_word' id='word_1_123' title='bbox 1213 1072 1402 1114; x_wconf 85' lang='lat' dir='ltr'>Omnes</span> <span class='ocrx_word' id='word_1_124' title='bbox 1394 1085 1434 1111; x_wconf 86' lang='lat' dir='ltr'>m</span> <span class='ocrx_word' id='word_1_125' title='bbox 1457 1085 1547 1111; x_wconf 85' lang='lat' dir='ltr'>eam</span> <span class='ocrx_word' id='word_1_126' title='bbox 1580 1069 1671 1110; x_wconf 89' lang='lat' dir='ltr'>sen-</span> 
     </span>
     <span class='ocr_line' id='line_1_25' title="bbox 361 1128 1672 1197; baseline -0.002 -29"><span class='ocrx_word' id='word_1_127' title='bbox 361 1128 531 1168; x_wconf 84' lang='lat' dir='ltr'>tentiam</span> <span class='ocrx_word' id='word_1_128' title='bbox 551 1133 576 1181; x_wconf 89' lang='lat'><strong>†</strong></span> <span class='ocrx_word' id='word_1_129' title='bbox 595 1128 756 1170; x_wconf 86' lang='lat' dir='ltr'>ierunt:</span> <span class='ocrx_word' id='word_1_130' title='bbox 788 1145 1022 1185; x_wconf 88' lang='lat' dir='ltr'>quanquam</span> <span class='ocrx_word' id='word_1_131' title='bbox 1040 1146 1199 1197; x_wconf 81' lang='lat' dir='ltr'>magnae</span> <span class='ocrx_word' id='word_1_132' title='bbox 1220 1131 1324 1185; x_wconf 84' lang='lat' dir='ltr'>parti</span> <span class='ocrx_word' id='word_1_133' title='bbox 1344 1133 1382 1171; x_wconf 71' lang='grc' dir='ltr'>δε</span> <span class='ocrx_word' id='word_1_134' title='bbox 1401 1129 1462 1169; x_wconf 87' lang='lat' dir='ltr'>vir</span> <span class='ocrx_word' id='word_1_135' title='bbox 1479 1128 1672 1183; x_wconf 82' lang='lat' dir='ltr'>indignus</span> 
     </span>
     <span class='ocr_line' id='line_1_26' title="bbox 362 1186 1674 1243; baseline 0.002 -17"><span class='ocrx_word' id='word_1_136' title='bbox 362 1200 409 1226; x_wconf 88' lang='lat' dir='ltr'>ea</span> <span class='ocrx_word' id='word_1_137' title='bbox 431 1186 675 1237; x_wconf 84' lang='lat' dir='ltr'>calamitate,</span> <span class='ocrx_word' id='word_1_138' title='bbox 708 1189 746 1228; x_wconf 70' lang='grc' dir='ltr'>ἃ</span> <span class='ocrx_word' id='word_1_139' title='bbox 770 1187 881 1229; x_wconf 89' lang='lat' dir='ltr'>haud</span> <span class='ocrx_word' id='word_1_140' title='bbox 901 1204 1026 1243; x_wconf 84' lang='lat' dir='ltr'>parvo</span> <span class='ocrx_word' id='word_1_141' title='bbox 1049 1189 1166 1230; x_wconf 89' lang='lat' dir='ltr'>initio</span> <span class='ocrx_word' id='word_1_142' title='bbox 1201 1189 1331 1229; x_wconf 91' lang='lat' dir='ltr'>minui</span> <span class='ocrx_word' id='word_1_143' title='bbox 1364 1187 1576 1228; x_wconf 89' lang='lat' dir='ltr'>videbatur</span> <span class='ocrx_word' id='word_1_144' title='bbox 1603 1187 1674 1241; x_wconf 78' lang='lat' dir='ltr'>jus</span> 
     </span>
     <span class='ocr_line' id='line_1_27' title="bbox 361 1243 1674 1301; baseline 0 -18"><span class='ocrx_word' id='word_1_145' title='bbox 361 1243 573 1286; x_wconf 83' lang='lat' dir='ltr'>libertatis.</span> <span class='ocrx_word' id='word_1_146' title='bbox 663 1245 850 1301; x_wconf 82' lang='lat' dir='ltr'>Egreffus</span> <span class='ocrx_word' id='word_1_147' title='bbox 905 1247 1033 1298; x_wconf 86' lang='lat' dir='ltr'>curia,</span> <span class='ocrx_word' id='word_1_148' title='bbox 1093 1247 1135 1288; x_wconf 84' lang='lat' dir='ltr'>in</span> <span class='ocrx_word' id='word_1_149' title='bbox 1185 1253 1210 1301; x_wconf 92' lang='lat'>†</span> <span class='ocrx_word' id='word_1_150' title='bbox 1259 1247 1412 1300; x_wconf 88' lang='lat' dir='ltr'>templo</span> <span class='ocrx_word' id='word_1_151' title='bbox 1463 1243 1674 1300; x_wconf 84' lang='lat' dir='ltr'>magistra-</span> 
     </span>
     <span class='ocr_line' id='line_1_28' title="bbox 362 1302 1674 1366; baseline -0.002 -22"><span class='ocrx_word' id='word_1_152' title='bbox 362 1312 430 1344; x_wconf 89' lang='lat' dir='ltr'>tus</span> <span class='ocrx_word' id='word_1_153' title='bbox 463 1305 526 1358; x_wconf 83' lang='lat'>(3)</span> <span class='ocrx_word' id='word_1_154' title='bbox 561 1303 773 1345; x_wconf 90' lang='lat' dir='ltr'>consedit·</span> <span class='ocrx_word' id='word_1_155' title='bbox 764 1322 776 1354; x_wconf 84' lang='lat'><em>3</em></span> <span class='ocrx_word' id='word_1_156' title='bbox 820 1305 1195 1361; x_wconf 86' lang='lat' dir='ltr'>comprehendique</span> <span class='ocrx_word' id='word_1_157' title='bbox 1245 1305 1426 1347; x_wconf 90' lang='lat' dir='ltr'>Decium</span> <span class='ocrx_word' id='word_1_158' title='bbox 1466 1302 1674 1366; x_wconf 82' lang='lat' dir='ltr'>Magium,</span> 
     </span>
     <span class='ocr_line' id='line_1_29' title="bbox 361 1359 1676 1419; baseline -0.002 -17"><span class='ocrx_word' id='word_1_159' title='bbox 361 1370 483 1415; x_wconf 84' lang='lat' dir='ltr'>atque</span> <span class='ocrx_word' id='word_1_160' title='bbox 501 1371 593 1402; x_wconf 86' lang='lat' dir='ltr'>ante</span> <span class='ocrx_word' id='word_1_161' title='bbox 610 1364 734 1417; x_wconf 86' lang='lat' dir='ltr'>pedes</span> <span class='ocrx_word' id='word_1_162' title='bbox 753 1370 777 1418; x_wconf 87' lang='lat'>†</span> <span class='ocrx_word' id='word_1_163' title='bbox 798 1364 1035 1405; x_wconf 87' lang='lat' dir='ltr'>destitutum</span> <span class='ocrx_word' id='word_1_164' title='bbox 1058 1366 1220 1405; x_wconf 89' lang='lat' dir='ltr'>causam</span> <span class='ocrx_word' id='word_1_165' title='bbox 1242 1364 1375 1405; x_wconf 86' lang='lat' dir='ltr'>dicere</span> <span class='ocrx_word' id='word_1_166' title='bbox 1400 1361 1523 1419; x_wconf 85' lang='lat' dir='ltr'>juffit.</span> <span class='ocrx_word' id='word_1_167' title='bbox 1585 1359 1676 1417; x_wconf 85' lang='lat' dir='ltr'>Qi</span> 
     </span>
     <span class='ocr_line' id='line_1_30' title="bbox 361 1419 1674 1479; baseline 0 -21"><span class='ocrx_word' id='word_1_168' title='bbox 361 1433 510 1474; x_wconf 91' lang='lat' dir='ltr'>quum,</span> <span class='ocrx_word' id='word_1_169' title='bbox 560 1432 751 1462; x_wconf 87' lang='lat' dir='ltr'>manente</span> <span class='ocrx_word' id='word_1_170' title='bbox 790 1421 944 1463; x_wconf 84' lang='lat' dir='ltr'>ferocia</span> <span class='ocrx_word' id='word_1_171' title='bbox 983 1423 1127 1476; x_wconf 87' lang='lat' dir='ltr'>animi,</span> <span class='ocrx_word' id='word_1_172' title='bbox 1169 1433 1337 1479; x_wconf 87' lang='lat' dir='ltr'>negaret</span> <span class='ocrx_word' id='word_1_173' title='bbox 1372 1422 1462 1477; x_wconf 86' lang='lat' dir='ltr'>lege</span> <span class='ocrx_word' id='word_1_174' title='bbox 1502 1419 1674 1460; x_wconf 83' lang='lat' dir='ltr'>foederis</span> 
     </span>
     <span class='ocr_line' id='line_1_31' title="bbox 362 1477 1675 1538; baseline 0 -20"><span class='ocrx_word' id='word_1_175' title='bbox 362 1477 404 1518; x_wconf 88' lang='lat' dir='ltr'>id</span> <span class='ocrx_word' id='word_1_176' title='bbox 439 1483 464 1531; x_wconf 93' lang='lat'>†</span> <span class='ocrx_word' id='word_1_177' title='bbox 498 1478 590 1533; x_wconf 86' lang='lat' dir='ltr'>cogi</span> <span class='ocrx_word' id='word_1_178' title='bbox 624 1480 748 1533; x_wconf 85' lang='lat' dir='ltr'>posse,</span> <span class='ocrx_word' id='word_1_179' title='bbox 780 1490 868 1520; x_wconf 87' lang='lat' dir='ltr'>tum</span> <span class='ocrx_word' id='word_1_180' title='bbox 892 1481 1055 1538; x_wconf 71' lang='lat' dir='ltr'>inje&amp;ae</span> <span class='ocrx_word' id='word_1_181' title='bbox 1084 1491 1255 1533; x_wconf 81' lang='lat' dir='ltr'>catenae,</span> <span class='ocrx_word' id='word_1_182' title='bbox 1287 1480 1464 1534; x_wconf 86' lang='lat' dir='ltr'>ducique</span> <span class='ocrx_word' id='word_1_183' title='bbox 1485 1488 1578 1519; x_wconf 85' lang='lat' dir='ltr'>ante</span> <span class='ocrx_word' id='word_1_184' title='bbox 1601 1477 1675 1519; x_wconf 92' lang='lat' dir='ltr'>lic-</span> 
     </span>
     <span class='ocr_line' id='line_1_32' title="bbox 362 1536 1673 1598; baseline 0 -22"><span class='ocrx_word' id='word_1_185' title='bbox 362 1545 493 1582; x_wconf 86' lang='lat' dir='ltr'>torem</span> <span class='ocrx_word' id='word_1_186' title='bbox 517 1537 558 1576; x_wconf 87' lang='lat' dir='ltr'>in</span> <span class='ocrx_word' id='word_1_187' title='bbox 578 1537 705 1578; x_wconf 88' lang='lat' dir='ltr'>castra</span> <span class='ocrx_word' id='word_1_188' title='bbox 726 1538 783 1578; x_wconf 90' lang='lat' dir='ltr'>est</span> <span class='ocrx_word' id='word_1_189' title='bbox 803 1539 943 1594; x_wconf 71' lang='lat' dir='ltr'>jussus.</span> <span class='ocrx_word' id='word_1_190' title='bbox 1009 1540 1158 1598; x_wconf 78' lang='lat' dir='ltr'>Qoad</span> <span class='ocrx_word' id='word_1_191' title='bbox 1181 1539 1312 1594; x_wconf 80' lang='lat' dir='ltr'>capite</span> <span class='ocrx_word' id='word_1_192' title='bbox 1335 1547 1473 1593; x_wconf 83' lang='lat' dir='ltr'>aperto</span> <span class='ocrx_word' id='word_1_193' title='bbox 1493 1536 1550 1577; x_wconf 88' lang='lat' dir='ltr'>est</span> <span class='ocrx_word' id='word_1_194' title='bbox 1572 1537 1673 1577; x_wconf 91' lang='lat' dir='ltr'>duc-</span> 
     </span>
     <span class='ocr_line' id='line_1_33' title="bbox 364 1594 1673 1649; baseline -0.001 -14"><span class='ocrx_word' id='word_1_195' title='bbox 364 1604 445 1644; x_wconf 80' lang='lat' dir='ltr'>tus,</span> <span class='ocrx_word' id='word_1_196' title='bbox 477 1595 839 1638; x_wconf 85' lang='lat' dir='ltr'>concionabundus</span> <span class='ocrx_word' id='word_1_197' title='bbox 876 1597 1042 1643; x_wconf 80' lang='lat' dir='ltr'>incestit,</span> <span class='ocrx_word' id='word_1_198' title='bbox 1077 1599 1128 1638; x_wconf 83' lang='lat' dir='ltr'>ad</span> <span class='ocrx_word' id='word_1_199' title='bbox 1164 1596 1452 1638; x_wconf 88' lang='lat' dir='ltr'>circumfusam</span> <span class='ocrx_word' id='word_1_200' title='bbox 1489 1594 1673 1649; x_wconf 88' lang='lat' dir='ltr'>undique</span> 
     </span>
     <span class='ocr_line' id='line_1_34' title="bbox 364 1653 1675 1708; baseline -0.001 -15"><span class='ocrx_word' id='word_1_201' title='bbox 364 1653 671 1701; x_wconf 77' lang='lat' dir='ltr'>multitudinem</span> <span class='ocrx_word' id='word_1_202' title='bbox 709 1655 962 1697; x_wconf 81' lang='lat' dir='ltr'>vociferans:</span> <span class='ocrx_word' id='word_1_203' title='bbox 1011 1656 1171 1697; x_wconf 81' lang='lat' dir='ltr'>Habetis</span> <span class='ocrx_word' id='word_1_204' title='bbox 1203 1656 1425 1705; x_wconf 73' lang='grc' dir='ltr'><em>Ιὶἰιειΐαίεηι,</em></span> <span class='ocrx_word' id='word_1_205' title='bbox 1472 1654 1675 1708; x_wconf 83' lang='lat' dir='ltr'>Campani,</span> 
     </span>
     <span class='ocr_line' id='line_1_35' title="bbox 365 1712 1676 1769; baseline -0.001 -18"><span class='ocrx_word' id='word_1_206' title='bbox 365 1727 477 1766; x_wconf 82' lang='lat' dir='ltr'>quam</span> <span class='ocrx_word' id='word_1_207' title='bbox 491 1713 645 1768; x_wconf 68' lang='lat' dir='ltr'>petistis.</span> <span class='ocrx_word' id='word_1_208' title='bbox 663 1714 754 1769; x_wconf 85' lang='lat' dir='ltr'>foro</span> <span class='ocrx_word' id='word_1_209' title='bbox 785 1714 912 1763; x_wconf 81' lang='lat' dir='ltr'>medio,</span> <span class='ocrx_word' id='word_1_210' title='bbox 943 1714 1023 1754; x_wconf 78' lang='lat' dir='ltr'>luce</span> <span class='ocrx_word' id='word_1_211' title='bbox 1041 1715 1166 1767; x_wconf 66' lang='lat' dir='ltr'>clard,</span> <span class='ocrx_word' id='word_1_212' title='bbox 1197 1715 1408 1755; x_wconf 81' lang='lat' dir='ltr'>videntibus</span> <span class='ocrx_word' id='word_1_213' title='bbox 1429 1713 1548 1763; x_wconf 75' lang='lat' dir='ltr'>vobis,</span> <span class='ocrx_word' id='word_1_214' title='bbox 1578 1712 1676 1751; x_wconf 77' lang='lat' dir='ltr'>melli</span> 
     </span>
     <span class='ocr_line' id='line_1_36' title="bbox 368 1769 1678 1827; baseline 0 -17"><span class='ocrx_word' id='word_1_215' title='bbox 368 1770 643 1823; x_wconf 74' lang='lat' dir='ltr'>Campanorum</span> <span class='ocrx_word' id='word_1_216' title='bbox 661 1772 863 1827; x_wconf 83' lang='lat' dir='ltr'>secundus,</span> <span class='ocrx_word' id='word_1_217' title='bbox 896 1774 1047 1813; x_wconf 71' lang='lat' dir='ltr'>vinHus</span> <span class='ocrx_word' id='word_1_218' title='bbox 1080 1773 1132 1813; x_wconf 82' lang='lat' dir='ltr'>ad</span> <span class='ocrx_word' id='word_1_219' title='bbox 1168 1782 1319 1813; x_wconf 84' lang='lat' dir='ltr'>mortem</span> <span class='ocrx_word' id='word_1_220' title='bbox 1353 1773 1495 1825; x_wconf 82' lang='lat' dir='ltr'>rapior.</span> <span class='ocrx_word' id='word_1_221' title='bbox 1560 1769 1678 1826; x_wconf 55' lang='lat' dir='ltr'>Quid</span> 
     </span>
     <span class='ocr_line' id='line_1_37' title="bbox 365 1828 1676 1886; baseline 0 -18"><span class='ocrx_word' id='word_1_222' title='bbox 365 1829 562 1868; x_wconf 77' lang='lat' dir='ltr'>violentius</span> <span class='ocrx_word' id='word_1_223' title='bbox 596 1828 732 1883; x_wconf 81' lang='lat' dir='ltr'>Capua</span> <span class='ocrx_word' id='word_1_224' title='bbox 763 1835 874 1883; x_wconf 58' lang='lat' dir='ltr'>capta*</span> <span class='ocrx_word' id='word_1_225' title='bbox 893 1831 1034 1886; x_wconf 81' lang='lat' dir='ltr'>fieret</span> <span class='ocrx_word' id='word_1_226' title='bbox 1030 1834 1049 1861; x_wconf 70' lang='lat'>9</span> <span class='ocrx_word' id='word_1_227' title='bbox 1095 1833 1150 1871; x_wconf 80' lang='lat' dir='ltr'>Ite</span> <span class='ocrx_word' id='word_1_228' title='bbox 1182 1831 1329 1872; x_wconf 82' lang='lat' dir='ltr'>obviam</span> <span class='ocrx_word' id='word_1_229' title='bbox 1352 1829 1580 1878; x_wconf 77' lang='lat' dir='ltr'>Hannibali,</span> <span class='ocrx_word' id='word_1_230' title='bbox 1611 1844 1676 1868; x_wconf 86' lang='lat' dir='ltr'>ex-</span> 
     </span>
     <span class='ocr_line' id='line_1_38' title="bbox 364 1887 1678 1947; baseline 0 -21"><span class='ocrx_word' id='word_1_231' title='bbox 364 1895 493 1927; x_wconf 80' lang='lat' dir='ltr'>ornate</span> <span class='ocrx_word' id='word_1_232' title='bbox 527 1888 667 1938; x_wconf 68' lang='lat' dir='ltr'>urbem,</span> <span class='ocrx_word' id='word_1_233' title='bbox 711 1888 875 1944; x_wconf 78' lang='lat' dir='ltr'>diemque</span> <span class='ocrx_word' id='word_1_234' title='bbox 907 1889 1094 1930; x_wconf 65' lang='lat' dir='ltr'>adventus</span> <span class='ocrx_word' id='word_1_235' title='bbox 1129 1892 1207 1945; x_wconf 75' lang='lat' dir='ltr'>ejus</span> <span class='ocrx_word' id='word_1_236' title='bbox 1246 1888 1463 1947; x_wconf 80' lang='lat' dir='ltr'>consecrate,</span> <span class='ocrx_word' id='word_1_237' title='bbox 1499 1896 1541 1928; x_wconf 89' lang='lat' dir='ltr'>ut</span> <span class='ocrx_word' id='word_1_238' title='bbox 1576 1887 1678 1926; x_wconf 87' lang='lat' dir='ltr'>hunc</span> 
     </span>
    </p>

    <p class='ocr_par' dir='ltr' id='par_1_8' title="bbox 1441 1945 1676 2000">
     <span class='ocr_line' id='line_1_39' title="bbox 1441 1945 1676 2000; baseline 0 -14"><span class='ocrx_word' id='word_1_239' title='bbox 1441 1945 1676 2000; x_wconf 84' lang='lat' dir='ltr'>triumphum</span> 
     </span>
    </p>
   </div>
   <div class='ocr_carea' id='block_1_6' title="bbox 365 2081 1681 2753">
    <p class='ocr_par' dir='ltr' id='par_1_9' title="bbox 365 2081 1680 2536">
     <span class='ocr_line' id='line_1_40' title="bbox 365 2081 1677 2126; baseline 0.002 -12"><span class='ocrx_word' id='word_1_240' title='bbox 365 2096 457 2114; x_wconf 81' lang='lat' dir='ltr'><em>arcem</em></span> <span class='ocrx_word' id='word_1_241' title='bbox 484 2081 664 2125; x_wconf 80' lang='lat' dir='ltr'>intelligere</span> <span class='ocrx_word' id='word_1_242' title='bbox 690 2082 857 2126; x_wconf 84' lang='lat' dir='ltr'>possumus</span> <span class='ocrx_word' id='word_1_243' title='bbox 882 2084 1051 2116; x_wconf 88' lang='lat' dir='ltr'>confilium</span> <span class='ocrx_word' id='word_1_244' title='bbox 1080 2085 1255 2124; x_wconf 63' lang='lat' dir='ltr'>rqliitucndae</span> <span class='ocrx_word' id='word_1_245' title='bbox 1282 2086 1414 2116; x_wconf 76' lang='lat' dir='ltr'>Romanis</span> <span class='ocrx_word' id='word_1_246' title='bbox 1445 2085 1564 2126; x_wconf 78' lang='lat' dir='ltr'>Capuae,</span> <span class='ocrx_word' id='word_1_247' title='bbox 1586 2084 1677 2125; x_wconf 82' lang='lat' dir='ltr'>quod</span> 
     </span>
     <span class='ocr_line' id='line_1_41' title="bbox 367 2128 1680 2172; baseline 0.003 -13"><span class='ocrx_word' id='word_1_248' title='bbox 367 2141 468 2164; x_wconf 71' lang='lat' dir='ltr'>‹me-m,</span> <span class='ocrx_word' id='word_1_249' title='bbox 494 2128 524 2159; x_wconf 81' lang='lat' dir='ltr'>h.</span> <span class='ocrx_word' id='word_1_250' title='bbox 537 2140 565 2161; x_wconf 87' lang='lat' dir='ltr'>e.</span> <span class='ocrx_word' id='word_1_251' title='bbox 586 2129 737 2160; x_wconf 85' lang='lat' dir='ltr'>ultimum</span> <span class='ocrx_word' id='word_1_252' title='bbox 756 2130 953 2171; x_wconf 78' lang='lat' dir='ltr'>perfugium,</span> <span class='ocrx_word' id='word_1_253' title='bbox 976 2130 1090 2172; x_wconf 76' lang='lat' dir='ltr'>patriae</span> <span class='ocrx_word' id='word_1_254' title='bbox 1107 2138 1216 2162; x_wconf 86' lang='lat' dir='ltr'>vocat.</span> <span class='ocrx_word' id='word_1_255' title='bbox 1241 2129 1310 2163; x_wconf 89' lang='lat' dir='ltr'>vid.</span> <span class='ocrx_word' id='word_1_256' title='bbox 1327 2131 1424 2169; x_wconf 61' lang='lat' dir='ltr'>ssarx.</span> <span class='ocrx_word' id='word_1_257' title='bbox 1470 2131 1559 2161; x_wconf 88' lang='lat' dir='ltr'>Tum</span> <span class='ocrx_word' id='word_1_258' title='bbox 1582 2141 1680 2163; x_wconf 75' lang='lat' dir='ltr'>voces</span> 
     </span>
     <span class='ocr_line' id='line_1_42' title="bbox 365 2174 1679 2218; baseline 0.002 -15"><span class='ocrx_word' id='word_1_259' title='bbox 365 2174 438 2213; x_wconf 85' lang='lat' dir='ltr'>hsti</span> <span class='ocrx_word' id='word_1_260' title='bbox 451 2174 654 2216; x_wconf 62' lang='grc' dir='ltr'><em>ιιιίιιίιιιέῃιιινι</em></span> <span class='ocrx_word' id='word_1_261' title='bbox 648 2189 705 2212; x_wconf 76' lang='lat' dir='ltr'>ns</span> <span class='ocrx_word' id='word_1_262' title='bbox 727 2185 812 2215; x_wconf 83' lang='lat' dir='ltr'>quae,</span> <span class='ocrx_word' id='word_1_263' title='bbox 834 2175 856 2206; x_wconf 88' lang='lat' dir='ltr'>fi</span> <span class='ocrx_word' id='word_1_264' title='bbox 873 2187 948 2207; x_wconf 89' lang='lat' dir='ltr'>cum</span> <span class='ocrx_word' id='word_1_265' title='bbox 966 2187 1012 2217; x_wconf 85' lang='lat' dir='ltr'>pr</span> <span class='ocrx_word' id='word_1_266' title='bbox 1007 2177 1248 2207; x_wconf 67' lang='lat' dir='ltr'>ece—dentibus·</span> <span class='ocrx_word' id='word_1_267' title='bbox 1239 2187 1365 2218; x_wconf 72' lang='lat' dir='ltr'>jungas,</span> <span class='ocrx_word' id='word_1_268' title='bbox 1380 2176 1467 2207; x_wconf 67' lang='lat' dir='ltr'>certe</span> <span class='ocrx_word' id='word_1_269' title='bbox 1478 2175 1610 2218; x_wconf 85' lang='lat' dir='ltr'>frigent,</span> <span class='ocrx_word' id='word_1_270' title='bbox 1631 2174 1679 2206; x_wconf 83' lang='lat' dir='ltr'>ita</span> 
     </span>
     <span class='ocr_line' id='line_1_43' title="bbox 367 2218 1678 2264; baseline 0.002 -15"><span class='ocrx_word' id='word_1_271' title='bbox 367 2218 498 2250; x_wconf 69' lang='lat' dir='ltr'>fortasse</span> <span class='ocrx_word' id='word_1_272' title='bbox 514 2230 589 2250; x_wconf 88' lang='lat' dir='ltr'>cum</span> <span class='ocrx_word' id='word_1_273' title='bbox 603 2220 812 2260; x_wconf 78' lang='lat' dir='ltr'>sequentibus</span> <span class='ocrx_word' id='word_1_274' title='bbox 826 2221 1006 2264; x_wconf 80' lang='lat' dir='ltr'>jungendae,</span> <span class='ocrx_word' id='word_1_275' title='bbox 1030 2229 1064 2252; x_wconf 87' lang='lat' dir='ltr'>ut</span> <span class='ocrx_word' id='word_1_276' title='bbox 1083 2229 1192 2252; x_wconf 82' lang='lat' dir='ltr'>tamen</span> <span class='ocrx_word' id='word_1_277' title='bbox 1208 2221 1349 2259; x_wconf 86' lang='lat' dir='ltr'>Perolla,</span> <span class='ocrx_word' id='word_1_278' title='bbox 1371 2232 1438 2252; x_wconf 85' lang='lat' dir='ltr'>non</span> <span class='ocrx_word' id='word_1_279' title='bbox 1455 2221 1574 2262; x_wconf 73' lang='lat' dir='ltr'>patria,</span> <span class='ocrx_word' id='word_1_280' title='bbox 1594 2221 1678 2252; x_wconf 75' lang='lat' dir='ltr'>hosti</span> 
     </span>
     <span class='ocr_line' id='line_1_44' title="bbox 367 2263 1677 2308; baseline 0.002 -14"><span class='ocrx_word' id='word_1_281' title='bbox 367 2263 499 2294; x_wconf 75' lang='lat' dir='ltr'>minime</span> <span class='ocrx_word' id='word_1_282' title='bbox 516 2275 649 2306; x_wconf 84' lang='lat' dir='ltr'>parcere</span> <span class='ocrx_word' id='word_1_283' title='bbox 666 2265 889 2307; x_wconf 72' lang='lat' dir='ltr'>intelligatur:</span> <span class='ocrx_word' id='word_1_284' title='bbox 917 2277 947 2307; x_wconf 93' lang='lat' dir='ltr'>q.</span> <span class='ocrx_word' id='word_1_285' title='bbox 964 2268 997 2298; x_wconf 88' lang='lat' dir='ltr'>d.</span> <span class='ocrx_word' id='word_1_286' title='bbox 1017 2268 1141 2298; x_wconf 81' lang='lat' dir='ltr'>ferrum</span> <span class='ocrx_word' id='word_1_287' title='bbox 1158 2267 1231 2303; x_wconf 80' lang='lat' dir='ltr'>hoe,</span> <span class='ocrx_word' id='word_1_288' title='bbox 1249 2278 1316 2298; x_wconf 89' lang='lat' dir='ltr'>non</span> <span class='ocrx_word' id='word_1_289' title='bbox 1334 2267 1425 2308; x_wconf 81' lang='lat' dir='ltr'>quod</span> <span class='ocrx_word' id='word_1_290' title='bbox 1441 2265 1523 2297; x_wconf 82' lang='lat' dir='ltr'>hosti</span> <span class='ocrx_word' id='word_1_291' title='bbox 1540 2277 1677 2308; x_wconf 82' lang='lat' dir='ltr'>parcen-</span> 
     </span>
     <span class='ocr_line' id='line_1_45' title="bbox 367 2310 1678 2368; baseline 0.002 -28"><span class='ocrx_word' id='word_1_292' title='bbox 367 2310 447 2340; x_wconf 88' lang='lat' dir='ltr'>dum</span> <span class='ocrx_word' id='word_1_293' title='bbox 476 2311 600 2347; x_wconf 79' lang='lat' dir='ltr'>censeo,</span> <span class='ocrx_word' id='word_1_294' title='bbox 631 2311 684 2343; x_wconf 83' lang='lat' dir='ltr'>sed</span> <span class='ocrx_word' id='word_1_295' title='bbox 717 2311 794 2351; x_wconf 82' lang='lat' dir='ltr'>quia</span> <span class='ocrx_word' id='word_1_296' title='bbox 828 2322 944 2353; x_wconf 70' lang='lat' dir='ltr'>parens</span> <span class='ocrx_word' id='word_1_297' title='bbox 974 2319 1160 2354; x_wconf 80' lang='lat' dir='ltr'>extorquet,</span> <span class='ocrx_word' id='word_1_298' title='bbox 1194 2312 1334 2354; x_wconf 84' lang='lat' dir='ltr'>accipias</span> <span class='ocrx_word' id='word_1_299' title='bbox 1366 2311 1483 2368; x_wconf 71' lang='lat' dir='ltr'>jubeo.</span> <span class='ocrx_word' id='word_1_300' title='bbox 1534 2311 1591 2342; x_wconf 86' lang='lat' dir='ltr'>Sin</span> <span class='ocrx_word' id='word_1_301' title='bbox 1614 2311 1678 2343; x_wconf 84' lang='lat' dir='ltr'>hoc</span> 
     </span>
     <span class='ocr_line' id='line_1_46' title="bbox 367 2355 1678 2399; baseline 0.002 -14"><span class='ocrx_word' id='word_1_302' title='bbox 367 2362 505 2395; x_wconf 84' lang='lat' dir='ltr'>propter</span> <span class='ocrx_word' id='word_1_303' title='bbox 536 2355 619 2398; x_wconf 81' lang='lat' dir='ltr'>leges</span> <span class='ocrx_word' id='word_1_304' title='bbox 643 2356 870 2398; x_wconf 80' lang='lat' dir='ltr'>grammaticas</span> <span class='ocrx_word' id='word_1_305' title='bbox 895 2358 1002 2388; x_wconf 85' lang='lat' dir='ltr'>minus</span> <span class='ocrx_word' id='word_1_306' title='bbox 1017 2358 1155 2399; x_wconf 79' lang='lat' dir='ltr'>placeat,</span> <span class='ocrx_word' id='word_1_307' title='bbox 1177 2357 1256 2398; x_wconf 89' lang='lat' dir='ltr'>quid</span> <span class='ocrx_word' id='word_1_308' title='bbox 1276 2358 1308 2395; x_wconf 77' lang='lat' dir='ltr'>fi,</span> <span class='ocrx_word' id='word_1_309' title='bbox 1331 2357 1465 2389; x_wconf 85' lang='lat' dir='ltr'>minima</span> <span class='ocrx_word' id='word_1_310' title='bbox 1482 2357 1678 2394; x_wconf 79' lang='lat' dir='ltr'>mutatione.</span> 
     </span>
     <span class='ocr_line' id='line_1_47' title="bbox 365 2382 1680 2446; baseline 0.003 -16"><span class='ocrx_word' id='word_1_311' title='bbox 365 2400 532 2441; x_wconf 81' lang='lat' dir='ltr'>legamus?</span> <span class='ocrx_word' id='word_1_312' title='bbox 566 2382 663 2440; x_wconf 53' lang='lat' dir='ltr'>hostib</span> <span class='ocrx_word' id='word_1_313' title='bbox 664 2404 779 2432; x_wconf 84' lang='lat' dir='ltr'>nimium</span> <span class='ocrx_word' id='word_1_314' title='bbox 799 2410 918 2446; x_wconf 70' lang='lat' dir='ltr'>parcens</span> <span class='ocrx_word' id='word_1_315' title='bbox 947 2406 1053 2444; x_wconf 67' lang='lat' dir='ltr'>qumcmlo</span> <span class='ocrx_word' id='word_1_316' title='bbox 1078 2412 1137 2446; x_wconf 86' lang='lat' dir='ltr'>par</span> <span class='ocrx_word' id='word_1_317' title='bbox 1139 2417 1169 2434; x_wconf 83' lang='lat' dir='ltr'>cn</span> <span class='ocrx_word' id='word_1_318' title='bbox 1153 2417 1183 2433; x_wconf 83' lang='lat' dir='ltr'>ns</span> <span class='ocrx_word' id='word_1_319' title='bbox 1212 2410 1377 2445; x_wconf 71' lang='lat' dir='ltr'>extorquet:</span> <span class='ocrx_word' id='word_1_320' title='bbox 1412 2402 1446 2433; x_wconf 91' lang='lat' dir='ltr'>h.</span> <span class='ocrx_word' id='word_1_321' title='bbox 1463 2413 1493 2434; x_wconf 84' lang='lat' dir='ltr'>e.</span> <span class='ocrx_word' id='word_1_322' title='bbox 1521 2402 1680 2443; x_wconf 82' lang='lat' dir='ltr'>quoniam</span> 
     </span>
     <span class='ocr_line' id='line_1_48' title="bbox 368 2446 1678 2502; baseline 0.004 -28"><span class='ocrx_word' id='word_1_323' title='bbox 368 2455 497 2485; x_wconf 85' lang='lat' dir='ltr'>parens,</span> <span class='ocrx_word' id='word_1_324' title='bbox 520 2445 758 2479; x_wconf 82' lang='lat' dir='ltr'>hostinimium</span> <span class='ocrx_word' id='word_1_325' title='bbox 776 2458 924 2502; x_wconf 77' lang='lat' dir='ltr'>parcens,</span> <span class='ocrx_word' id='word_1_326' title='bbox 947 2456 1133 2490; x_wconf 80' lang='lat' dir='ltr'>extorquet.</span> <span class='ocrx_word' id='word_1_327' title='bbox 1160 2449 1209 2491; x_wconf 72' lang='grc' dir='ltr'>Ε]</span> <span class='ocrx_word' id='word_1_328' title='bbox 1255 2451 1313 2491; x_wconf 83' lang='lat'>(7)</span> <span class='ocrx_word' id='word_1_329' title='bbox 1334 2450 1412 2480; x_wconf 88' lang='lat' dir='ltr'>&#39;ler.</span> <span class='ocrx_word' id='word_1_330' title='bbox 1431 2448 1498 2479; x_wconf 83' lang='lat' dir='ltr'>Ad.</span> <span class='ocrx_word' id='word_1_331' title='bbox 1517 2458 1550 2487; x_wconf 88' lang='lat'>5.</span> <span class='ocrx_word' id='word_1_332' title='bbox 1574 2457 1603 2487; x_wconf 89' lang='lat'>7.</span> <span class='ocrx_word' id='word_1_333' title='bbox 1623 2458 1678 2480; x_wconf 88' lang='lat'>10.</span> 
     </span>
     <span class='ocr_line' id='line_1_49' title="bbox 368 2491 1046 2536; baseline 0.01 -18"><span class='ocrx_word' id='word_1_334' title='bbox 368 2491 463 2530; x_wconf 71' lang='lat' dir='ltr'>Atque</span> <span class='ocrx_word' id='word_1_335' title='bbox 459 2492 548 2520; x_wconf 73' lang='lat' dir='ltr'>hanc</span> <span class='ocrx_word' id='word_1_336' title='bbox 561 2495 589 2521; x_wconf 84' lang='lat' dir='ltr'>in</span> <span class='ocrx_word' id='word_1_337' title='bbox 606 2493 638 2522; x_wconf 82' lang='lat' dir='ltr'>ho</span> <span class='ocrx_word' id='word_1_338' title='bbox 642 2500 682 2522; x_wconf 72' lang='lat' dir='ltr'>rto</span> <span class='ocrx_word' id='word_1_339' title='bbox 696 2506 764 2523; x_wconf 48' lang='lat' dir='ltr'>mma·</span> <span class='ocrx_word' id='word_1_340' title='bbox 755 2496 918 2536; x_wconf 68' lang='lat' dir='ltr'>¹ri11mj11bc</span> <span class='ocrx_word' id='word_1_341' title='bbox 933 2498 971 2524; x_wconf 63' lang='lat' dir='ltr'>diu</span> <span class='ocrx_word' id='word_1_342' title='bbox 963 2498 1018 2525; x_wconf 63' lang='lat' dir='ltr'>uui.</span> <span class='ocrx_word' id='word_1_343' title='bbox 1044 2499 1046 2501; x_wconf 75' lang='grc'><strong>’</strong></span> 
     </span>
    </p>

    <p class='ocr_par' dir='ltr' id='par_1_10' title="bbox 369 2536 1681 2718">
     <span class='ocr_line' id='line_1_50' title="bbox 415 2536 1677 2589; baseline 0.006 -24"><span class='ocrx_word' id='word_1_344' title='bbox 415 2536 454 2566; x_wconf 88' lang='lat' dir='ltr'>C.</span> <span class='ocrx_word' id='word_1_345' title='bbox 475 2544 525 2565; x_wconf 89' lang='lat'>10.</span> <span class='ocrx_word' id='word_1_346' title='bbox 570 2537 625 2575; x_wconf 88' lang='lat'>(1)</span> <span class='ocrx_word' id='word_1_347' title='bbox 649 2537 698 2569; x_wconf 81' lang='lat' dir='ltr'>Sic</span> <span class='ocrx_word' id='word_1_348' title='bbox 711 2538 849 2580; x_wconf 74' lang='lat' dir='ltr'>supral.</span> <span class='ocrx_word' id='word_1_349' title='bbox 870 2539 898 2570; x_wconf 88' lang='lat'>8.</span> <span class='ocrx_word' id='word_1_350' title='bbox 922 2551 951 2570; x_wconf 90' lang='lat' dir='ltr'>c.</span> <span class='ocrx_word' id='word_1_351' title='bbox 971 2539 999 2570; x_wconf 90' lang='lat'>6.</span> <span class='ocrx_word' id='word_1_352' title='bbox 1034 2541 1153 2571; x_wconf 83' lang='lat' dir='ltr'><em>Romam</em></span> <span class='ocrx_word' id='word_1_353' title='bbox 1175 2546 1258 2580; x_wconf 76' lang='lat' dir='ltr'>caput</span> <span class='ocrx_word' id='word_1_354' title='bbox 1286 2540 1446 2582; x_wconf 73' lang='lat' dir='ltr'>Latioff.</span> <span class='ocrx_word' id='word_1_355' title='bbox 1490 2538 1550 2580; x_wconf 88' lang='lat'>(2)</span> <span class='ocrx_word' id='word_1_356' title='bbox 1571 2539 1677 2589; x_wconf 77' lang='lat' dir='ltr'>Negat</span> 
     </span>
     <span class='ocr_line' id='line_1_51' title="bbox 370 2579 1680 2627; baseline 0.005 -18"><span class='ocrx_word' id='word_1_357' title='bbox 370 2579 540 2610; x_wconf 78' lang='lat' dir='ltr'>Hannibal</span> <span class='ocrx_word' id='word_1_358' title='bbox 569 2582 706 2613; x_wconf 84' lang='lat' dir='ltr'>Decium</span> <span class='ocrx_word' id='word_1_359' title='bbox 735 2582 887 2625; x_wconf 78' lang='lat' dir='ltr'>Magium</span> <span class='ocrx_word' id='word_1_360' title='bbox 914 2585 963 2626; x_wconf 60' lang='lat' dir='ltr'>eff</span> <span class='ocrx_word' id='word_1_361' title='bbox 993 2586 1177 2627; x_wconf 72' lang='lat' dir='ltr'>Campanum,</span> <span class='ocrx_word' id='word_1_362' title='bbox 1200 2585 1232 2615; x_wconf 91' lang='lat' dir='ltr'>h.</span> <span class='ocrx_word' id='word_1_363' title='bbox 1249 2595 1276 2616; x_wconf 86' lang='lat' dir='ltr'>e.</span> <span class='ocrx_word' id='word_1_364' title='bbox 1302 2584 1412 2616; x_wconf 87' lang='lat' dir='ltr'>virum</span> <span class='ocrx_word' id='word_1_365' title='bbox 1439 2583 1600 2625; x_wconf 86' lang='lat' dir='ltr'>Campani</span> <span class='ocrx_word' id='word_1_366' title='bbox 1629 2584 1680 2615; x_wconf 86' lang='lat' dir='ltr'>in-</span> 
     </span>
     <span class='ocr_line' id='line_1_52' title="bbox 369 2624 1679 2681; baseline 0.002 -24"><span class='ocrx_word' id='word_1_367' title='bbox 369 2624 463 2668; x_wconf 75' lang='lat' dir='ltr'>genii·</span> <span class='ocrx_word' id='word_1_368' title='bbox 477 2626 516 2656; x_wconf 85' lang='lat' dir='ltr'>E.</span> <span class='ocrx_word' id='word_1_369' title='bbox 560 2627 616 2667; x_wconf 86' lang='lat'>(3)</span> <span class='ocrx_word' id='word_1_370' title='bbox 629 2628 755 2669; x_wconf 82' lang='lat' dir='ltr'>Nempe</span> <span class='ocrx_word' id='word_1_371' title='bbox 773 2630 903 2660; x_wconf 82' lang='lat' dir='ltr'>Marius</span> <span class='ocrx_word' id='word_1_372' title='bbox 920 2629 1053 2667; x_wconf 77' lang='lat' dir='ltr'>Blolius,</span> <span class='ocrx_word' id='word_1_373' title='bbox 1075 2640 1171 2671; x_wconf 84' lang='lat' dir='ltr'>quem</span> <span class='ocrx_word' id='word_1_374' title='bbox 1190 2636 1260 2660; x_wconf 88' lang='lat' dir='ltr'>tum</span> <span class='ocrx_word' id='word_1_375' title='bbox 1277 2637 1460 2681; x_wconf 78' lang='lat' dir='ltr'>praetorem</span> <span class='ocrx_word' id='word_1_376' title='bbox 1471 2630 1679 2670; x_wconf 83' lang='lat' dir='ltr'>Campanum</span> 
     </span>
     <span class='ocr_line' id='line_1_53' title="bbox 373 2669 1681 2718; baseline 0.002 -17"><span class='ocrx_word' id='word_1_377' title='bbox 373 2669 466 2703; x_wconf 77' lang='lat' dir='ltr'>fuiss&#39;e</span> <span class='ocrx_word' id='word_1_378' title='bbox 479 2669 567 2702; x_wconf 80' lang='lat' dir='ltr'>dixit</span> <span class='ocrx_word' id='word_1_379' title='bbox 584 2672 718 2716; x_wconf 63' lang='lat' dir='ltr'>suprac.</span> <span class='ocrx_word' id='word_1_380' title='bbox 731 2673 763 2707; x_wconf 90' lang='grc'><strong>8</strong></span> <span class='ocrx_word' id='word_1_381' title='bbox 813 2675 959 2718; x_wconf 75' lang='lat' dir='ltr'>Templum</span> <span class='ocrx_word' id='word_1_382' title='bbox 972 2673 1026 2708; x_wconf 75' lang='lat' dir='ltr'>hic</span> <span class='ocrx_word' id='word_1_383' title='bbox 1037 2674 1101 2706; x_wconf 87' lang='lat' dir='ltr'>tril</span> <span class='ocrx_word' id='word_1_384' title='bbox 1107 2674 1195 2714; x_wconf 73' lang='lat' dir='ltr'>unul,</span> <span class='ocrx_word' id='word_1_385' title='bbox 1210 2675 1261 2707; x_wconf 83' lang='lat' dir='ltr'>vcl</span> <span class='ocrx_word' id='word_1_386' title='bbox 1275 2675 1364 2707; x_wconf 87' lang='lat' dir='ltr'>locus</span> <span class='ocrx_word' id='word_1_387' title='bbox 1380 2673 1437 2718; x_wconf 89' lang='lat' dir='ltr'>qui</span> <span class='ocrx_word' id='word_1_388' title='bbox 1451 2673 1515 2717; x_wconf 80' lang='lat' dir='ltr'>juri</span> <span class='ocrx_word' id='word_1_389' title='bbox 1533 2674 1681 2705; x_wconf 80' lang='lat' dir='ltr'>dicundo</span> 
     </span>
    </p>

    <p class='ocr_par' dir='ltr' id='par_1_11' title="bbox 1502 2719 1680 2753">
     <span class='ocr_line' id='line_1_54' title="bbox 1502 2719 1680 2753; baseline 0.011 -2"><span class='ocrx_word' id='word_1_390' title='bbox 1502 2719 1680 2753; x_wconf 80' lang='lat' dir='ltr'>destinatus</span> 
     </span>
    </p>
   </div>
  </div>
 </body>
</html>
