1834 3099
180 538 263 566 mef(
277 539 304 564 in

178 582 348 612 Macedonia
353 595 384 610 m.

881 148 1212 193 T.L1V11

400 268 616 328 agrestium
653 270 955 310 multitudinem
994 282 1087 309 cum
1109 265 1324 322 pecoribus
1348 274 1459 306 metu
1481 263 1710 320 populatio·

401 344 499 371 num
530 329 780 383 compulsam
804 329 998 369 audierat.
1033 341 1122 366 eam
1157 326 1407 367 inconditam
1430 324 1711 377 inermemque

401 388 707 429 multitudinem
723 387 855 442 primo
879 385 1009 426 statim
1034 395 1185 425 terrore
1201 384 1418 425 adveniens
1436 381 1541 437 cepit
1559 397 1568 422 2
1600 395 1712 422 com-

402 446 718 501 pensaveratque
740 446 784 486 ea
807 446 960 500 praeda,
989 450 1014 497 †
1033 444 1140 497 quod
1174 441 1408 498 ignominiae
1434 442 1482 481 ad
1506 440 1610 481 Elim
1648 454 1713 479 ac·

403 517 567 560 ceptum
603 504 747 545 fuerat.
812 499 1024 545 Dividenti
1046 503 1223 556 praedam
1254 499 1512 555 captivosque
1535 498 1714 553 (fuerant

402 574 539 604 autem
581 572 756 617 quatuor
789 562 914 602 millia
954 561 1188 611 hominum,
1218 559 1377 614 pecoris
1403 557 1536 598 omnis
1557 556 1716 613 generis

403 624 452 663 ad
475 622 599 662 millia
630 621 788 676 viginti)
829 621 1003 660 nuncius
1024 633 1072 659 ex
1093 617 1339 659 Macedonia
1374 616 1501 665 venit,
1532 615 1714 670 Eropum

341 705 344 709 ,
403 681 626 735 quendam,
659 689 851 733 corrupto
891 679 992 719 arcis
1033 677 1285 731 praesidiique
1322 674 1534 730 Ρτέεὶεξὶο,
1580 672 1717 729 Lych-

403 739 546 780 nidum
585 739 752 792 cepiss'e:
783 749 919 780 tencre
956 739 993 777 81
1017 735 1338 777 Dassaretiorum
1372 733 1566 788 quosdam
1589 733 1717 780 vicos,

407 801 446 839 ἃ·
472 797 686 838 Dardanos
709 795 829 836 etiam
852 795 1028 836 concire.
1069 795 1224 835 Omiffo
1246 793 1370 848 igitur
1386 791 1570 833 Achaico
1590 790 1715 840 beno,

407 855 559 896 relielis
582 865 718 895 tamen
742 854 901 895 duobus
924 853 1101 894 millibus
1125 855 1164 894 δι
1190 851 1421 907 quingentis
1443 849 1577 891 omnis
1598 862 1720 905 gene-

405 916 461 955 ris
484 921 732 954 armatorum
756 927 849 952 cum
871 912 1070 966 Menippo
1107 913 1145 953 δε
1169 909 1424 965 Polyphanta
1455 907 1630 950 ducibus
1670 908 1721 948 ad

408 972 636 1027 przesidium
671 969 886 1015 sociorum,
918 969 1130 1023 profee'tus
1151 968 1201 1010 ab
1222 968 1386 1024 Dymis,
1416 981 1488 1022 per
1519 966 1720 1008 Achaiam

408 1031 697 1082 Boeotiamque
722 1032 761 1070 ἃ
784 1028 985 1068 Euboeam
1012 1030 1091 1082 (2),
1122 1027 1291 1069 decimis
1312 1032 1327 1077 [l
1353 1026 1490 1068 castris
1512 1025 1721 1066 Demetri·

408 1090 527 1129 adem
549 1088 589 1128 in
611 1087 855 1127 Thessaliam
878 1086 1074 1141 pervenit.

468 1146 668 1187 XXXIII.
701 1146 760 1186 lbi
778 1145 860 1193 alii,
892 1145 1088 1200 majorem
1111 1143 1325 1184 afferentes
1346 1142 1585 1191 tumultum,
1617 1157 1722 1182 nun-

411 1205 464 1247 cii
485 1213 735 1246 occurrunt:
766 1204 998 1252 Dardanos,
1031 1203 1071 1243 in
1091 1202 1379 1242 Macedoniam
1407 1201 1568 1245 effusos,
1601 1201 1724 1242 Ores·

410 1265 538 1305 tidem
555 1264 642 1319 jam
664 1273 817 1309 tenere,
849 1276 894 1302 ac
909 1261 1150 1302 descendiffe
1170 1261 1213 1300 in
1236 1260 1490 1316 Argestaeum
1508 1274 1724 1315 campum:

412 1322 647 1376 famamque
669 1322 775 1361 inter
795 1320 986 1361 barbaros
1009 1319 1209 1361 celebrem
1230 1319 1321 1368 esse,
1354 1318 1589 1373 Philippum
1617 1319 1726 1360 occi-

413 1381 516 1421 sum.
576 1379 847 1434 Expeditione
867 1379 930 1427 ea,
962 1381 1024 1433 (1)
1060 1379 1139 1432 qua
1174 1391 1270 1418 cum
1300 1377 1608 1431 populatoribus
1640 1378 1726 1432 agri

413 1440 465 1479 ad
486 1438 705 1493 Sicyonem
741 1437 953 1493 pugnavit,
997 1437 1038 1477 in
1065 1436 1250 1477 arborem
1282 1436 1416 1476 illatus
1439 1435 1593 1489 impetu
1615 1436 1727 1490 equi,

415 1499 465 1537 ad
486 1497 735 1537 eminentem
749 1510 909 1536 ramum
935 1498 1000 1552 (2)
1022 1509 1150 1536 cornu
1167 1495 1340 1535 alterum
1370 1494 1496 1549 galeae
1518 1497 1540 1547 ss
1559 1494 1725 1549 przefre·

414 1556 488 1611 git.
524 1554 564 1595 id
606 1555 819 1595 inventum
854 1554 903 1595 ab
941 1554 1084 1595 AEtolo
1115 1554 1309 1608 quodam,
1360 1553 1644 1608 perlatumque
1685 1546 1728 1593 in

417 1613 616 1654 AEtoliam
633 1614 683 1653 ad
696 1612 1009 1663 Scerdilaedum,
1040 1612 1107 1653 cui
1129 1621 1273 1652 notum
1300 1620 1386 1651 erat
1413 1609 1565 1666 insigne
1587 1613 1728 1668 galeae,

416 1671 568 1712 famam
590 1670 796 1712 interfeffi
828 1670 933 1726 regis
963 1670 1156 1723 vulgavit.
1216 1669 1312 1710 Post
1346 1668 1647 1724 profetffionem
1679 1684 1728 1711 ex

417 1729 577 1771 Achaia
608 1729 729 1786 regis,
760 1729 980 1783 Sulpicius,
1010 1728 1205 1784 AEginam
1237 1728 1351 1768 claffe
1373 1726 1602 1781 profe&us‚
1632 1743 1729 1770 cum

418 1788 561 1829 Attalo
583 1787 661 1828 sese
683 1787 911 1842 conjunxit.
975 1787 1119 1828 Achaei
1139 1800 1235 1827 curn
1252 1785 1403 1826 AEtolis
1420 1785 1603 1841 Eleisque
1617 1787 1728 1828 haud

417 1847 561 1901 procul
597 1845 777 1886 Meffene
814 1845 1045 1901 prosperam
1085 1858 1265 1901 pugnam
1303 1842 1504 1886 fecerunt.
1569 1846 1729 1887 Attalus

417 1918 488 1946 rex
530 1907 571 1946 δι’
606 1906 651 1945 P.
673 1903 879 1958 Sulpicius
912 1903 1074 1958 AEginae
1105 1903 1386 1943 hibernarunt.
1446 1901 1571 1945 Exitu
1606 1903 1730 1961 hujus

418 1963 515 2004 anni
533 1963 587 2003 T.
610 1962 835 2020 QinEUuS
857 1961 1067 2016 Crispinus
1109 1960 1267 2012 consul,
1303 1960 1502 2002 dietatore
1543 1963 1732 2004 comitio-

198 2024 323 2064 Crisme'
343 2023 402 2062 ΕΜ
419 2036 511 2069 rum
553 2022 828 2075 ludorumque
863 2019 1146 2061 faciendorum
1189 2018 1306 2061 causa
1346 2018 1460 2060 dieto
1494 2020 1547 2062 T.
1571 2021 1731 2063 Manlio

199 2070 401 2155 ZZ'JOZ'Z‘T
418 2081 649 2134 Torquato,
681 2093 729 2119 ex
752 2080 917 2128 vulnere
940 2079 1125 2119 moritur.
1149 2078 1217 2118 alii
1235 2077 1425 2127 Tarenti,
1457 2079 1523 2119 alii
1544 2079 1586 2120 in
1611 2079 1734 2122 Carn-

201 2166 243 2189 fus
248 2182 255 2189 .

421 2139 542 2195 panici
563 2148 772 2178 mortuum
810 2132 988 2177 tr'adunt.
1050 2137 1097 2177 Id
1118 2137 1228 2191 quod
1250 2137 1364 2177 nullo
1386 2135 1478 2177 ante
1499 2136 1606 2179 bello
1627 2139 1734 2180 acci-

423 2199 553 2248 derat,
586 2198 669 2236 duo
710 2196 909 2243 consules,
942 2195 1021 2235 fine
1057 2196 1322 2236 memorando
1343 2195 1483 2249 praelio
1514 2196 1734 2248 interfeffi,

423 2257 535 2297 velut
570 2253 711 2295 orbam
747 2254 1042 2309 rempublicam
1073 2254 1333 2308 reliquerant.
1393 2252 1588 2296 Dietator
1608 2256 1735 2297 Man-

1656 2314 1736 2356 lius

427 2439 508 2475 caput
521 2433 628 2474 ffudit.
677 2430 734 2471 (2)
757 2429 922 2461 Nimirum
937 2428 1096 2465 deflexisse
1112 2429 1245 2462 videtur
1262 2428 1434 2474 Philippus
1450 2430 1560 2462 versus
1586 2431 1736 2464 dextram

426 2478 461 2508 in
490 2477 656 2512 Euboeam,
678 2484 714 2507 ut
732 2486 781 2506 res
798 2475 910 2506 insulae
934 2475 1105 2517 inspiceret
1121 2486 1158 2507 ac
1178 2475 1398 2508 constitueret.
1443 2476 1519 2518 Ejus
1535 2475 1678 2509 cultores
1700 2477 1734 2509 in

427 2530 516 2553 metu
527 2522 568 2554 ab
584 2521 704 2552 AEtolis
718 2520 779 2552 ess‘e
793 2520 929 2552 testatur
940 2519 1054 2552 Livius
1071 2521 1158 2552 infra
1174 2521 1194 2551 1.
1213 2520 1268 2552 28.
1287 2531 1317 2552 c.
1333 2531 1367 2561 5.

473 2568 511 2599 C.
531 2576 581 2607 33.
597 2568 654 2608 (1)
676 2568 780 2608 Supra
798 2576 830 2599 cz
848 2576 900 2606 3¹·
947 2566 1003 2607 (2)
1013 2569 1148 2599 Cornua
1164 2564 1250 2597 inter
1263 2565 1395 2609 insignia
1418 2566 1510 2598 fuere
1522 2565 1737 2600 successorum

1558 2612 1738 2644 Alexandri
