1834 3099
328 181 556 224 LIBER
609 182 812 226 XXVIII.
866 183 1021 225 CAP.
1075 184 1213 227 XXII.
1568 199 1648 241 ¹79

91 297 324 356 noluerant,
357 298 478 352 padio
502 300 606 341 inter
627 300 681 351 se,
715 304 776 356 (3)
797 311 842 341 ut
861 300 1060 341 vic'Jtorem
1082 315 1145 342 res
1159 303 1410 355 sequeretur,

89 354 197 395 {erro
252 358 532 399 decreverunt.
598 363 741 414 Neque
786 358 945 399 obscuri
991 360 1149 416 generis
1205 361 1409 413 homines,

91 409 156 452 sed
190 415 286 454 clari
323 415 592 472 illustresque,
625 416 769 458 Corbis
795 420 833 459 δι
857 417 989 458 Orsua
1024 419 1226 471 patrueles
1247 417 1406 469 fratres,
1430 426 1523 456 corbi,
1542 425 1580 456 {a}

90 473 138 510 de
156 473 386 527 principatu
408 475 600 528 civitatis,
632 485 754 530 quarn
774 476 887 516 Ibem
912 476 1126 528 vocabant,
1156 480 1177 529 ,ἶ
1199 478 1407 533 ambigen-
1429 472 1530 511 Offiffl·

89 542 164 578 tes,
199 531 306 571 ferro
325 532 361 573 se
384 543 609 574 certaturos
637 533 796 588 professi
833 534 938 574 sunt.
1002 534 1150 575 Corbis
1172 536 1302 590 major
1323 546 1408 576 erat

88 598 221 629 aetate.
283 590 428 632 Orsuae
470 603 583 646 pater
614 593 802 647 princeps
840 592 1026 646 proxime
1050 593 1197 642 fuerat,
1231 608 1253 632 a
1283 593 1407 634 fratre

90 648 243 702 majore
261 649 348 702 post
372 661 546 691 mortem
564 653 652 706 ejus
670 652 898 705 principatu
918 662 1097 704 accepto.
1161 652 1305 706 Quum
1320 666 1409 692 ver-

87 704 149 745 bis
171 706 393 761 disceptare
416 709 554 764 Scipio
591 711 724 759 vellet,
757 724 802 749 ac
838 709 974 749 sedare
1013 710 1116 757 iras;
1150 722 1343 763 negatum
1368 711 1407 751 id

88 765 209 804 ambo
250 766 386 807 dicere
422 768 710 808 communibus
743 768 943 822 cognatis,
975 781 1050 808 nec
1073 768 1197 806 alium
1221 768 1408 808 Deorum

87 821 371 873 hominumve,
404 825 528 880 quam
555 827 752 875 Martem,
785 827 822 865 se
855 827 1038 880 judicem
1065 825 1276 866 habituros
1316 827 1407 867 esse.

88 880 256 922 Robore
280 884 426 938 major,
459 884 592 924 minor
614 884 711 925 flore
731 885 860 925 aetatis
884 884 1017 933 ferox,
1049 895 1223 924 mortem
1245 885 1287 924 in
1320 899 1408 926 cer-

88 941 255 987 tamine,
288 941 411 996 quam
435 954 479 982 ut
497 944 597 982 alter
613 943 778 984 alterius
802 943 973 997 imperio
992 942 1274 998 subjiceretur,
1307 958 1409 997 prae-

86 1009 288 1053 optantes,
322 1005 450 1055 quum
473 1001 609 1041 dirimi
631 1001 681 1042 ab
711 1003 819 1041 tanta
859 1001 967 1042 rabie
990 1001 1222 1055 nequirent,
1255 1001 1409 1057 insigne

87 1056 366 1111 spe&aculum
390 1060 586 1100 exercitui
608 1060 817 1115 praebuere
853 1061 1247 1113 documentumque,
1280 1074 1409 1114 quan-

88 1127 177 1156 tum
199 1117 402 1172 cupiditas
425 1119 584 1172 imperii
619 1120 772 1159 malurn
796 1119 902 1158 inter
930 1119 1120 1159 mortales
1141 1119 1249 1159 esset.
1313 1120 1409 1159 Ma·
1449 1151 1451 1153 .
1513 1116 1539 1166 †

84 1175 152 1229 jor
173 1175 246 1216 usu
268 1191 476 1217 armorum
499 1180 540 1219 δε
563 1177 649 1218 astu
684 1175 803 1218 facile
833 1176 996 1217 stolidas
1027 1177 1132 1217 vires
1154 1176 1323 1218 minoris
1346 1177 1411 1217 su·

88 1235 258 1287 peravit.
319 1235 432 1276 Huic
453 1236 723 1291 gladiatorum
757 1235 990 1290 spectaculo
1022 1235 1106 1275 ludi
1127 1234 1319 1276 funebres
1341 1237 1412 1276 ad-

92 1291 166 1332 diti
189 1308 262 1346 pro
286 1294 400 1348 copia
425 1297 503 1349 (4),
539 1297 576 1335 &
603 1295 840 1348 provinciali
864 1297 902 1335 δι
927 1293 1109 1334 castrensi
1128 1303 1337 1348 apparatu.

150 1350 289 1392 XXII.
324 1352 410 1393 Res
442 1352 606 1393 interim
628 1353 896 1393 nihilominus
919 1351 968 1392 ab
990 1353 1132 1406 legatis
1150 1352 1409 1407 gerebantur.

90 1408 291 1460 Marcius,
321 1410 507 1465 superato
529 1412 640 1451 Baete
674 1412 800 1459 amni,
834 1425 955 1464 quem
994 1411 1137 1451 incolae
1161 1410 1318 1451 Certim
1341 1426 1482 1479 ap-M
1534 1451 1539 1456 ,
1581 1449 1634 1479 Α,

88 1469 256 1522 pellant,
285 1471 386 1510 duas
422 1470 636 1524 opulentas
657 1470 838 1510 civitates
862 1470 941 1508 fine
959 1469 1180 1509 certamine
1202 1469 1243 1509 in
1265 1470 1411 1510 dediti·
1431 1461 1593 1536 ,ap‘ZZ'Zjh
1604 1455 1638 1489 s*

88 1540 209 1567 onem
233 1527 394 1583 accipit.
461 1527 612 1583 Astapa
634 1528 729 1569 urbs
751 1539 853 1577 crat,
885 1526 1286 1582 Karthaginiensium
1307 1528 1410 1568 sern-
1427 1546 1550 1582 pugnat.

90 1600 162 1639 per
184 1587 334 1640 partis:
367 1601 499 1641 neque
521 1587 561 1627 id
594 1597 678 1628 tam
713 1586 884 1642 dignum
909 1586 966 1625 ira
986 1597 1087 1633 erat,
1118 1586 1242 1640 quam
1280 1585 1411 1640 quod,

89 1646 152 1698 (ι)
170 1655 281 1685 extra
299 1645 548 1687 neceffitates
570 1645 682 1697 belli,
714 1646 967 1700 praecipuum
998 1644 1039 1683 in
1063 1644 1276 1685 Romanos
1298 1659 1412 1700 gere-

91 1702 190 1743 bant
210 1704 363 1745 odium.
400 1719 475 1745 nec
512 1704 654 1745 urbem
688 1714 758 1744 aut
792 1705 866 1744 fitu
889 1713 958 1744 aut
989 1703 1248 1745 munimento
1278 1713 1411 1744 tutam

89 1759 310 1812 habebant,
343 1777 434 1817 quae
466 1762 687 1804 ferociores
705 1763 752 1803 iis
770 1762 928 1803 animos
949 1761 1126 1802 faceret:
1155 1762 1222 1802 sed
1248 1761 1411 1817 ingenia

91 1821 318 1861 incolarum
358 1822 572 1862 latrocinio
609 1823 718 1874 laeta,
750 1831 795 1861 ut
817 1821 1074 1861 excursiones
1108 1820 1150 1859 in
1188 1819 1413 1860 finitimum

93 1893 237 1934 agrum
252 1880 454 1921 sociorum
476 1881 618 1935 populi
641 1881 823 1920 Romani
844 1878 1041 1927 facerent,
1073 1878 1336 1932 impulerant,
1371 1881 1412 1920 δε

91 1952 215 1993 vagos
237 1938 386 1979 milites
408 1939 622 1979 Romanos
639 1935 820 1992 lixasque
844 1940 885 1978 δι’
903 1946 1150 1977 mercatores
1164 1936 1412 1990 exciperent.

93 2011 289 2051 magnum
330 1997 453 2037 etiarn
494 1998 755 2047 comitatum,
787 1995 882 2050 quia
919 1994 1059 2049 paucis
1093 2008 1237 2048 parurn
1274 2003 1412 2034 tutum

91 2053 241 2104 fuerat,
263 2055 627 2111 transgredientem
659 2053 779 2106 fines,
810 2053 947 2108 positis
980 2052 1129 2093 infidi-is
1160 2052 1416 2094 circumven-

94 2124 199 2161 tum,
230 2113 372 2167 iniquo
394 2115 484 2154 loco
505 2112 813 2153 interfecerunt.
875 2113 943 2152 Ad
963 2111 1066 2152 hanc
1090 2109 1232 2151 urbem
1254 2125 1415 2166 oppug-

95 2173 273 2212 nandam
309 2187 440 2226 quum
465 2173 655 2212 admotus
674 2171 877 2212 exercitus
901 2170 1012 2221 effet,
1043 2170 1238 2225 oppida-ni
1259 2169 1414 2211 consci-

746 2229 788 2270 N
814 2241 837 2271 2
1303 2228 1414 2269 entia

98 2350 196 2381 Hanc
211 2348 412 2382 locutionem
436 2356 559 2381 temere
575 2347 762 2380 sollicitavit
778 2346 949 2379 Vavaffor.
996 2347 1052 2388 (3)
1069 2348 1115 2378 Ut
1132 2347 1242 2378 victor
1257 2345 1291 2377 id
1308 2347 1416 2377 aufem

99 2403 161 2432 ret,
183 2395 224 2426 de
237 2405 306 2435 quo
318 2394 356 2425 lis
369 2393 457 2428 effet.
506 2394 563 2426 Ad
577 2394 612 2426 τὶ
623 2398 709 2436 paHo
725 2393 793 2424 vid.
808 2394 821 2434 ζ
839 2395 986 2426 ablativus
998 2395 1154 2435 participii
1164 2393 1288 2436 pqffivi.
1302 2393 1417 2432 (4)Su-

98 2444 158 2482 pra
176 2440 198 2471 l.
219 2441 271 2472 26.
295 2452 326 2472 c.
347 2449 397 2472 11.
414 2443 570 2483 primitias
590 2442 716 2482 frugum
732 2439 760 2470 εδ
774 2442 897 2482 donaque
918 2441 980 2470 alia
994 2447 1047 2480 pro
1062 2439 1308 2480 copic‘iporlantes.
1356 2437 1419 2468 Sed

98 2486 274 2528 legendum
290 2486 435 2528 videtur.
458 2487 502 2526 (τῷ
517 2493 544 2517 et
559 2485 699 2521 sublato,
718 2491 773 2527 pro
800 2483 880 2527 copilz'
901 2485 1092 2526 provinciali,
1117 2485 1156 2515 Εἴ
1170 2483 1306 2528 castrensi
1323 2489 1418 2524 appa·

103 2539 182 2567 ναίω
210 2531 230 2562 i.
248 2542 276 2563 e.
298 2542 365 2573 pm
377 2530 415 2563 ea
438 2531 534 2574 copir‘k
558 2541 631 2573 quae
659 2531 694 2562 in
710 2529 884 2572 provincia
900 2537 984 2568 erat,
1005 2529 1038 2559 δε
1053 2537 1228 2571 apparatu,
1251 2527 1356 2570 qualis
1383 2526 1417 2559 in

102 2575 211 2610 castris
227 2576 288 2609 effe
300 2584 444 2619 poterae.

150 2621 191 2653 Cr
211 2631 267 2654 υ..
285 2623 343 2665 (1)
359 2623 460 2654 Extra
475 2616 528 2656 εἴς
546 2623 651 2657 ‚etiam
665 2619 859 2658 occafiones‚
879 2619 914 2653 in
935 2615 1054 2663 quibus
1068 2619 1148 2652 belli
1165 2616 1331 2651 neceffitas
1347 2629 1420 2650 coe-

97 2674 194 2712 ³geu-at.
209 2664 710 2703 hoffikm-advmae'komanos
722 2665 872 2700 animum
882 2665 1062 2702 ostendere.
1111 2664 1217 2709 Supra
1229 2665 1254 2696 l.
1272 2674 1302 2702 4.
1320 2675 1347 2695 c.
1362 2672 1419 2702 571

1333 2708 1417 2751 qffim·
