1834 3099
393 150 622 192 LIBER
669 152 869 194 XXVIII.
905 153 1057 194 CAP.
1092 153 1171 195 Vl.
1607 165 1675 207 ig)7

134 267 474 317 lum‚claudebat.
493 269 554 309 Ibi
569 268 704 323 primo
720 267 1007 309 atrocissimum
1024 269 1285 310 contra&um
1301 271 1356 311 est
1373 285 1459 312 cer-

133 328 457 374 tamen‚&turre
473 327 670 368 instruct&
688 328 801 367 omni
818 341 965 383 genere
979 329 1171 377 telorum,
1189 330 1227 368 ἃ
1243 331 1458 370 tormentis

134 384 414 438 machinisque
436 387 486 426 ad
512 387 831 441 oppugnandam
861 400 950 426 eam
983 401 1032 426 ex
1061 387 1231 427 navibus
1252 380 1457 442 expositis.

135 444 280 498 Quum
318 444 504 484 omnium
529 445 686 485 animos
712 444 932 498 oculosque
954 445 995 485 id
1014 456 1219 485 certamen
1246 447 1457 495 avertiss‘et,

134 503 251 556 portzi
290 503 508 543 maritimae
545 503 647 544 arcis
671 504 806 544 Plator
830 503 1044 544 Romanos
1067 505 1239 558 accepit,
1273 520 1459 545 momen-

133 570 259 614 toque
283 575 355 601 arx
377 571 576 616 occupata
598 561 668 602 est.
727 561 954 615 Oppidani,
977 563 1076 616 pulli
1099 563 1193 602 inde
1216 563 1256 601 in
1281 565 1456 604 mediam

135 619 294 667 urbem,
328 621 380 660 ad
405 622 572 660 alteram
595 620 762 660 tendere
796 634 946 660 arcem.
1010 621 1061 660 Et
1087 620 1141 660 ibi
1180 621 1296 674 politi
1327 634 1457 672 erant,

135 678 206 731 qui
229 681 292 733 (2)
329 679 437 719 fores
460 689 588 733 portae
615 677 855 734 objicerent.
877 679 931 719 ita
963 679 1111 719 exclusi
1149 679 1191 718 in
1223 680 1358 720 medio
1381 695 1459 721 cae-

134 738 290 777 duntur
329 737 641 791 capiunturque.
704 737 985 778 Macedonum
1023 737 1255 791 praesidium
1290 741 1459 794 conglo-

133 794 274 835 batum
299 795 371 836 sub
393 795 497 836 arcis
528 809 648 835 muro
670 794 807 845 stetit3
841 810 916 836 nec
939 795 1037 851 fugfi
1059 794 1183 836 effuse}
1207 796 1347 850 petitzi,
1380 812 1456 838 nec

133 855 396 907 pertinaciter
433 854 580 908 proelio
620 853 736 895 inito.
797 855 877 895 Eos
910 855 1061 904 Plator,
1092 854 1210 896 veni&
1232 870 1253 894 a
1276 856 1458 910 Sulpicio

133 913 364 967 impetratu,
396 913 437 952 in
459 927 582 954 naves
604 913 813 967 impolitos
845 915 894 954 ad
916 914 1178 954 Demetrium
1201 917 1262 968 (3)
1284 914 1458 955 Phthio-

135 971 229 1012 tidis
271 972 483 1026 exposuit:
516 971 598 1026 ipse
632 973 681 1012 ad
707 973 895 1013 Attalum
931 972 969 1013 se
1003 973 1170 1027 recepit.
1231 973 1455 1028 Sulpicius,
1479 1009 1514 1038 C}
1538 1011 1594 1039 Η]
1693 1020 1705 1027 „

134 1040 218 1070 tam
259 1030 370 1071 facili
412 1032 461 1070 ad
499 1032 660 1071 Oreum
695 1030 872 1072 successu
907 1033 1053 1081 elatus,
1087 1031 1328 1072 Chalcidem
1360 1022 1659 1095 indefrsffir'a‘sse,

133 1091 322 1143 protinus
343 1089 504 1130 vi&rici
540 1090 655 1130 clafl'e
677 1090 792 1144 petit.
828 1089 896 1130 ubi
928 1090 1246 1144 haudquaquam
1270 1092 1320 1131 ad
1344 1091 1452 1146 spem
1473 1107 1548 1131 tamt.

132 1159 304 1189 eventus
340 1148 561 1203 respondit.
625 1152 688 1202 (4)
710 1148 774 1189 Ex
794 1149 948 1203 patenti
971 1149 1161 1202 utrinque
1194 1149 1388 1190 coaetum
1412 1151 1454 1190 in

134 1207 339 1262 angustias
360 1222 485 1256 mare,
519 1207 693 1261 speciem
724 1207 901 1248 intuenti
923 1205 1056 1262 primo
1075 1208 1229 1263 gemini
1251 1207 1394 1263 portus
1414 1210 1456 1249 in

132 1280 204 1307 ora
226 1267 308 1306 duo
330 1266 427 1306 verli
451 1265 670 1320 praebuerit
690 1282 698 1306 :
728 1266 794 1306 sed
813 1270 875 1321 (5)
891 1265 1001 1306 haud
1023 1267 1142 1307 facile
1164 1267 1241 1306 alia
1272 1267 1457 1308 infestior

132 1325 236 1366 claffi
262 1325 377 1365 statio
396 1325 466 1366 est.
492 1340 588 1364 nam
626 1328 664 1366 8<
690 1325 798 1365 venti
821 1326 870 1366 ab
904 1324 1112 1379 utriusque
1136 1336 1252 1365 terrae
1281 1326 1457 1380 praealtis

132 1384 344 1424 montibus
386 1383 505 1423 subiti
526 1399 571 1423 ac
594 1384 803 1438 procellosi
837 1386 898 1438 (6)
935 1384 973 1424 se
995 1384 1210 1440 dejiciunt,
1239 1385 1279 1424 δε
1301 1384 1454 1425 fretum

132 1442 265 1496 ipsum
286 1442 426 1496 Euripi
448 1457 530 1482 non
546 1443 689 1496 septies
712 1443 791 1491 die,
826 1443 924 1483 ficut
941 1442 1050 1482 fama
1071 1442 1168 1492 fert,
1200 1444 1455 1498 temporibus

130 1502 242 1542 statis
284 1502 539 1555 reciprocat:
572 1502 638 1542 sed
661 1512 814 1541 temere
843 1502 883 1540 in
907 1502 1075 1541 modum
1100 1502 1209 1541 venti
1233 1504 1310 1556 (7),
1343 1517 1454 1544 nunc

128 1557 226 1610 huc,
259 1575 369 1600 nunc
400 1561 496 1600 illuc
517 1560 630 1600 verso
668 1560 784 1609 mari,
817 1561 928 1600 velut
949 1570 1088 1600 monte
1112 1561 1311 1615 praecipiti
1333 1562 1456 1602 devo-

129 1619 241 1660 lutus
264 1629 419 1660 torrens
450 1619 619 1674 rapitur.
654 1618 707 1658 ita
729 1633 805 1659 nec
833 1618 971 1667 noete,
1004 1633 1079 1659 nec
1112 1618 1176 1659 die
1207 1619 1322 1673 quies
1344 1621 1456 1661 navi-

128 1677 205 1719 bus
235 1679 368 1719 datur.
443 1678 589 1736 Qum
625 1678 784 1718 claffem
822 1689 904 1717 tam
941 1677 1084 1718 infesta
1124 1677 1239 1718 statio
1280 1680 1453 1734 accepit,

129 1746 219 1778 tum
245 1740 284 1778 &
316 1737 531 1792 oppidum,
564 1737 639 1777 alifi
663 1747 775 1791 parte
808 1736 990 1777 clausum
1024 1736 1139 1786 mari,
1172 1737 1248 1777 alifi
1266 1736 1315 1777 ab
1347 1739 1453 1778 terrfi

127 1795 290 1852 egregie
313 1797 537 1845 munitum,
570 1795 836 1851 praefidioque
868 1796 1001 1835 valido
1024 1795 1248 1847 firmatum,
1280 1797 1319 1835 ἂν
1352 1811 1454 1850 prze-

127 1855 249 1910 cipu&
271 1854 350 1896 fide
368 1854 661 1909 praefefiorum
683 1854 1018 1909 principumque,
1052 1869 1141 1907 quae
1159 1853 1267 1893 fluxa
1288 1855 1327 1893 &
1349 1870 1453 1895 vana

128 1915 239 1968 apud
261 1913 421 1954 Oreum
442 1913 591 1962 fuerat,
625 1913 763 1953 stabile
782 1923 903 1966 atque
924 1912 1239 1967 inexpugnabile
1260 1911 1352 1953 fuit.
1405 1914 1452 1954 Id

128 1973 370 2026 prudenter,
402 1977 491 2025 ssut
529 1972 570 2011 in
612 1982 765 2011 temere
802 1971 981 2024 susceptfi
1008 1985 1064 2018 re,
1100 1971 1316 2011 Romanus
1339 1970 1452 2021 fecit,

129 2031 259 2085 quod,
309 2030 616 2084 circumspectis
651 2029 975 2077 difficultatibus,
1022 2044 1072 2068 ne
1107 2029 1254 2069 frustra
1289 2041 1451 2084 tempus

129 2098 295 2138 tereret,
327 2089 512 2129 celeriter
533 2088 683 2128 abstitit
705 2088 885 2142 incepto,
919 2089 1159 2141 classemque
1182 2088 1275 2128 inde
1299 2090 1349 2129 ad
1372 2090 1453 2144 Cy-

129 2162 231 2189 num
259 2147 447 2188 Locridis
481 2148 729 2203 (emporium
751 2147 790 2186 id
813 2146 870 2186 est
894 2146 1005 2187 urbis
1027 2147 1311 2201 Opuntiorum
1339 2148 1449 2188 mille

129 2211 193 2263 (8)
215 2207 400 2263 paffuum
417 2221 439 2247 a
460 2206 563 2246 mari
586 2206 685 2260 sitae)
705 2206 878 2262 trajecit.

1475 1430 1504 1460 E
1506 1433 1603 1473 urr'pxs
1610 1454 1618 1461 .

126 2326 182 2367 (2)
201 2327 307 2367 Supr‘B⁴
325 2325 344 2356 l.
364 2334 398 2364 5.
416 2336 445 2356 c.
472 2334 523 2364 13.
548 2326 631 2355 multi
654 2331 718 2355 ante
729 2330 831 2366 portas
848 2325 916 2367 caefi,
937 2324 1157 2366 dum...obj4'f?i›·
1170 2326 1288 2365 simibus
1314 2333 1450 2356 extremos

116 2375 237 2414 suorum
253 2373 401 2413 excltfsere.
445 2371 502 2412 (3)
528 2371 603 2401 Duo
626 2371 760 2402 fuerunt
785 2370 909 2411 oppida
926 2369 989 2400 hoc
1009 2370 1154 2407 nomine,
1176 2370 1346 2402 'I‘hess'aliae
1371 2371 1451 2402 alte.-

129 2429 216 2455 rum,
238 2417 379 2448 alterum
396 2415 544 2447 AEtoliae.
589 2416 646 2456 (4)
670 2417 784 2452 Mare,
805 2416 896 2455 quod
914 2414 1082 2457 utrinque,
1108 2417 1146 2446 ad
1178 2417 1327 2447 dextram
1345 2417 1376 2447 δι
1408 2418 1449 2448 ad

128 2463 297 2499 sinistram,
316 2470 432 2505 patens
451 2462 482 2492 ἃ
499 2468 651 2503 apertum
662 2461 717 2497 est,
742 2472 781 2492 eo
798 2461 871 2492 loco
889 2461 1084 2492 coaecumin
1097 2462 1261 2504 augustias.
1278 2465 1333 2502 (5)
1351 2464 1449 2494 Haud

128 2511 206 2541 fere.
252 2508 310 2550 (6)
327 2508 378 2540 Sic
396 2508 482 2539 infra]
500 2518 528 2538 c.
543 2517 596 2546 15.
615 2510 645 2537 ni
658 2509 820 2548 ,se-..tanta
838 2509 884 2537 vis
902 2520 981 2549 aquae
998 2509 1139 2551 dcjccg‘ffi·t.
1189 2509 1245 2549 (7)
1269 2509 1369 2550 Cujus
1382 2520 1449 2539 non

128 2566 166 2587 ea
183 2554 226 2587 est
240 2562 372 2590 natura,
395 2561 431 2585 ut
445 2553 531 2584 statis
549 2561 697 2584 recurrat
713 2551 853 2589 vicibus,
878 2552 931 2584 sed
949 2561 984 2585 ut
1002 2562 1124 2585 temere
1152 2554 1182 2583 δι
1202 2554 1291 2584 nullis
1310 2554 1378 2596 lege
1403 2555 1449 2585 se-

128 2609 234 2632 ratur.
277 2600 335 2641 (8)
359 2599 475 2632 Potius
490 2601 541 2631 duo
559 2600 651 2629 millia
663 2599 792 2641 paffuum
805 2611 815 2628 .-
840 2609 917 2630 nam
935 2598 1122 2640 quindecim
1141 2598 1250 2638 stadia,
1273 2600 1451 2632 secundum

127 2646 333 2678 Strabonem.

1091 2689 1187 2729 VII.
1210 2688 1447 2745 Philippum
