1834 3099
117 646 141 675 C
142 647 202 687 ergsu
207 658 240 675 ra
263 645 323 675 Ro-

118 704 164 720 mrz·
171 690 272 732 sever?

117 740 254 769 exercita.

241 885 266 933 ,Γ

814 219 865 262 T.
914 220 1136 263 LIVII

336 337 417 382 ho‘s'
430 339 438 346 '
460 339 609 380 clades.
671 337 840 380 Postero
862 338 927 380 die
951 339 1170 379 Romanus
1200 338 1242 379 in
1273 339 1404 381 aciem
1427 339 1634 382 descendit
1651 355 1667 383 τ

338 399 510 447 Poenus,
542 396 665 439 tacita
686 398 810 438 etiarn
841 397 1088 438 confessione
1109 398 1261 447 νίἃυε,
1293 398 1431 440 castris
1454 398 1493 441 se
1516 400 1663 440 tenuit.

337 457 483 499 Tertio
505 457 570 499 die
593 456 749 497 filentio
771 456 925 508 ηοᾶἱε,
948 456 1094 498 omissa
1116 457 1183 512 spe
1205 457 1327 498 Nolae
1349 457 1581 513 potiundae,
1604 457 1665 499 rei

338 531 554 572 nunquam
575 515 764 571 prospere
787 525 970 565 tentatae,
989 515 1223 557 Tarentum
1243 517 1294 560 ad
1315 517 1532 559 certiorem
1552 517 1666 572 spem

339 575 583 632 proditionis
605 573 889 630 proficiscitur.

400 634 564 676 XVIII.
598 634 689 675 Nec
713 633 871 675 minore
894 632 1033 674 animo
1068 648 1133 675 res
1167 634 1359 676 Romana
1378 635 1508 686 domi,
1539 633 1668 690 quam

341 694 514 745 militiae,
547 693 777 749 gerebatur.
839 692 1054 742 Censores,
1087 694 1205 734 vacui
1239 693 1289 734 ab
1321 707 1495 750 operum
1527 694 1668 734 locan-

342 755 490 795 dorum
513 753 626 802 cura,
659 762 826 807 propter
846 751 1027 807 inopiam
1050 752 1198 804 aerarii,
1221 753 1272 792 ad
1289 767 1426 794 mores
1446 752 1667 794 hominum

342 813 544 869 regendos
561 811 746 852 animum
767 812 1047 860 adverterunt,
1063 810 1379 867 castigandaque
1401 811 1526 861 vitia;
1558 825 1668 866 quae,

342 874 455 913 velut
477 870 646 912 diutinis
663 869 817 910 morbis
839 884 945 925 :egra
959 883 1131 924 corpora
1151 884 1200 911 ex
1218 870 1257 911 se
1279 871 1457 927 gignunt
1472 873 1550 926 (1),
1573 879 1670 910 nata

342 931 452 972 bello
468 939 597 971 erant.
640 929 830 974 Primfim
852 943 922 969 eos
945 928 1190 979 citaverunt,
1213 930 1285 985 qui
1302 929 1389 984 post
1408 928 1670 971 Cannensem

344 1004 526 1046 pugnam
548 987 845 1043 rempublicam
863 986 1093 1039 deseruisse,
1125 988 1326 1043 Italiaque
1348 988 1545 1029 excessisse
1566 988 1670 1027 velle

344 1048 597 1090 dicebantur.
625 1047 814 1102 princeps
836 1060 980 1086 eorum
998 1046 1046 1087 L.
1062 1046 1255 1088 Caecilius
1277 1047 1475 1100 Metellus
1493 1046 1670 1101 quaestor

344 1118 435 1149 turn
458 1106 565 1147 forte
582 1116 681 1146 erat.
727 1105 840 1159 Jusso
862 1105 1011 1146 deinde
1033 1118 1080 1144 eo
1104 1106 1330 1160 ceterisque
1346 1105 1528 1162 ejusdem
1551 1119 1671 1146 noxa:

345 1168 425 1208 reis
443 1165 605 1207 causam
623 1165 774 1212 dicere,
805 1178 937 1219 quum
959 1163 1126 1219 purgari
1148 1165 1392 1218 nequissent,
1423 1163 1672 1218 pronuncia-

346 1236 461 1275 runt,
493 1223 615 1275 verba
637 1222 949 1277 orationemque
971 1236 1042 1262 eos
1063 1220 1259 1275 adversus
1281 1223 1579 1278 rempublicam
1599 1221 1674 1263 ha-

346 1284 488 1333 buisse,
537 1280 622 1337 quo
665 1281 896 1338 conjuratio
931 1280 1165 1321 deserendae
1205 1281 1335 1322 Italiae
1376 1282 1498 1323 causz‘i
1539 1280 1671 1322 fieret.

347 1349 372 1397 †
402 1339 644 1383 Secundum
681 1354 751 1381 eos
784 1340 897 1381 citati
928 1339 1053 1380 nimis
1084 1340 1220 1380 callidi
1251 1340 1484 1382 exsolvendi
1501 1339 1674 1397 jurisju—

347 1402 465 1444 randi
488 1402 757 1455 interpretes:
791 1402 852 1454 (2)
874 1398 946 1453 qui
968 1399 1241 1453 captivorum,
1272 1413 1322 1441 ex
1345 1399 1490 1441 itinere
1511 1398 1673 1455 regreffi

348 1462 455 1514 clam
473 1460 515 1501 in
536 1459 664 1500 castra
689 1457 951 1510 Hannibalis,
984 1457 1180 1509 solutum,
1212 1459 1324 1515 quod
1341 1458 1580 1514 juraverant
1610 1471 1675 1501 re:-

348 1514 525 1573 dituros,
555 1518 764 1559 rebantur.
826 1517 905 1567 His
927 1516 1281 1573 superioribusque
1315 1517 1395 1566 illis
1428 1516 1525 1570 equi
1546 1519 1609 1571 (3)
1632 1531 1676 1557 a·

350 1579 523 1634 dempti,
555 1577 626 1633 qui
659 1582 685 1629 †
724 1575 938 1632 publicum
974 1589 1130 1631 equum
1162 1574 1396 1617 habebant:
1425 1581 1450 1629 †
1481 1574 1676 1630 tribuque

350 1639 470 1689 moti,
502 1644 527 1690 †
555 1636 689 1677 aerarii
719 1648 864 1676 omnes
900 1633 1015 1674 faeti.
1077 1633 1227 1688 Neque
1262 1633 1404 1674 senatu
1442 1632 1569 1674 modo
1604 1643 1676 1675 aut

351 1696 528 1753 equestri
549 1695 692 1736 ordine
714 1694 896 1750 regendo
917 1707 1015 1734 cura
1036 1692 1076 1733 se
1098 1692 1314 1733 censorum
1335 1693 1481 1733 tenuit.
1504 1693 1676 1734 nomina

351 1756 540 1797 omnium
571 1768 621 1794 ex
653 1753 868 1809 juniorum
898 1751 1048 1793 tabulis
1079 1751 1385 1806 excerpserunt,
1417 1751 1488 1806 qui
1510 1751 1678 1806 quadri-

352 1815 476 1855 ennio
498 1827 582 1854 non
603 1812 850 1862 militassent,
872 1810 1021 1865 quibus
1044 1824 1179 1864 neque
1200 1811 1358 1852 vacatio
1374 1810 1482 1866 justa
1503 1810 1678 1861 militiae,

353 1887 488 1928 neque
511 1871 679 1914 morbus
701 1870 820 1911 causa
840 1869 986 1910 fuisset.
1051 1869 1103 1909 Et
1124 1883 1171 1909 ea
1193 1869 1313 1924 supra
1340 1870 1423 1910 duo
1451 1869 1579 1910 millia
1601 1883 1677 1910 no-

354 1933 515 1973 minum
550 1931 591 1971 in
625 1930 789 1970 aerarios
810 1929 953 1979 relata,
984 1927 1177 1983 tribuque
1198 1942 1343 1969 omnes
1364 1928 1479 1975 moti.
1545 1928 1680 1969 Addi-

355 2001 527 2046 tumque
550 1989 670 2031 inerti
691 1991 752 2044 (4)
775 1986 967 2029 censoriae
989 1996 1098 2028 notae
1119 1986 1230 2027 triste
1253 1986 1648 2028 senatusconsultum
1666 2002 1678 2029 ε

356 2060 401 2091 ut
433 2050 460 2090 ii
492 2062 651 2097 omnes,
683 2061 787 2103 quos
808 2046 995 2087 censores
1017 2045 1230 2096 notassent,
1262 2045 1435 2102 pedibus
1457 2056 1679 2098 mererent,

356 2110 700 2162 mitterenturque
732 2106 776 2146 in
806 2105 989 2147 Siciliam
1011 2106 1061 2145 ad
1085 2105 1312 2147 Cannensis
1346 2105 1550 2155 exercitus
1583 2104 1678 2151 reli-2

1544 2163 1678 2219 quias,

405 2290 442 2320 C.
462 2287 515 2319 18.
564 2286 622 2327 (x)
646 2283 858 2325 ConstrUQio
885 2282 949 2316 est:
974 2296 1033 2326 quae
1050 2282 1090 2314 sc.
1109 2281 1190 2314 vitia
1216 2290 1287 2314 nata
1310 2284 1379 2314 bello
1395 2290 1489 2319 erant,
1513 2284 1592 2327 quasi
1605 2283 1678 2324 (seu

359 2331 658 2378 quemadmodum)
673 2339 790 2375 corpora
806 2333 920 2360 diutinis
937 2330 1039 2360 morbis
1056 2342 1137 2371 aegra
1153 2330 1230 2371 exst*
1239 2332 1361 2372 gignunt
1377 2328 1420 2360 sc.
1447 2328 1539 2360 vitia.
1585 2330 1679 2370 Saepe

358 2391 424 2411 vox
441 2390 480 2412 ex
501 2378 606 2422 priori
623 2377 772 2409 membro
788 2374 947 2407 orationis
965 2374 998 2406 in
1016 2373 1164 2416 sequenti
1189 2374 1367 2417 repetenda
1383 2374 1449 2412 est;
1472 2384 1581 2416 neque
1594 2373 1679 2406 inte-

360 2426 433 2463 rest,
454 2425 567 2456 utrum
595 2424 723 2461 eodem,
745 2432 812 2465 quo
835 2419 1002 2464 praecessit,
1022 2421 1098 2452 casu
1125 2431 1162 2452 ac
1189 2430 1338 2452 numero.
1363 2431 1405 2451 an
1431 2421 1514 2452 verb
1539 2420 1682 2459 diverso,

360 2479 542 2512 repetatur.
587 2469 643 2510 (2)
662 2469 741 2501 Vid,
768 2469 781 2508 ss
805 2470 854 2510 qui
869 2479 971 2497 eorum.
1018 2464 1083 2508 [De
1100 2464 1232 2499 historia
1249 2473 1359 2497 autem
1375 2465 1596 2507 captivorum,
1619 2466 1681 2497 du-

362 2517 482 2559 plicem
498 2515 544 2548 rei
561 2514 654 2559 gestae
667 2513 817 2545 ordinem
831 2511 967 2545 tradidit
984 2510 1101 2543 Livius
1117 2510 1217 2554 supra
1233 2511 1256 2543 l.
1277 2520 1329 2543 22.
1345 2521 1374 2542 c.
1393 2510 1448 2543 61.
1475 2511 1611 2543 unicum
1623 2510 1680 2543 hic

362 2562 452 2603 sequi
465 2560 605 2593 videtur.
623 2560 673 2604 E.]
719 2558 775 2601 (3)
794 2557 940 2600 Intellige
952 2567 1007 2589 eos
1019 2555 1159 2597 equestri
1171 2555 1330 2599 dignitate
1347 2557 1381 2586 &
1397 2555 1514 2588 ordine
1529 2556 1680 2600 privatos

362 2607 434 2639 effe.
478 2607 534 2648 (4)
558 2607 659 2638 Hunc
675 2605 784 2637 locum
802 2603 999 2645 interpretes
1016 2601 1105 2634 varie
1123 2610 1292 2644 torquent,
1317 2602 1350 2633 &
1366 2601 1522 2634 vitiosum
1533 2601 1596 2635 esse
1611 2604 1682 2635 fere

363 2664 477 2685 omnes
506 2650 740 2694 pronunciant.
800 2651 867 2681 Pro
891 2651 978 2679 inerti
1004 2647 1116 2690 plures
1141 2647 1317 2690 legendum
1341 2647 1473 2680 censent
1496 2655 1556 2679 tam
1583 2651 1682 2680 truci:

362 2709 492 2732 necnon
510 2698 679 2729 fatendum
697 2696 740 2728 est
757 2694 883 2728 codices
899 2694 1042 2725 variare.
1090 2693 1190 2736 Qod
1209 2693 1230 2724 fi
1247 2704 1326 2725 vera
1339 2692 1375 2724 sit
1390 2693 1562 2732 sententia,
1579 2704 1681 2736 quam

363 2745 404 2777 de
428 2746 445 2785 †
472 2746 589 2776 mariis
609 2741 734 2785 protuli
759 2740 846 2783 (vid.
873 2747 940 2771 not.
960 2739 989 2770 3.
1011 2739 1052 2770 ad
1075 2749 1102 2770 c.
1124 2748 1176 2777 24.
1203 2738 1224 2769 l.
1243 2739 1294 2780 4.)
1313 2737 1396 2771 nihil
1414 2738 1468 2771 hic
1484 2740 1683 2772 mutandum

1599 2792 1662 2818 ent
1677 2797 1687 2823 ;
