1834 3099
798 149 804 155 '
864 160 917 200 T.
953 152 1160 200 1,‘1V11

394 294 540 322 canere
578 278 707 336 justit,
758 278 896 334 copias
934 277 1085 320 educit.
1153 276 1388 333 Pugnatum
1426 273 1620 329 utrinque
1661 271 1735 315 ali-

395 349 567 394 quanto,
601 337 906 393 quinnpridie,
941 335 1077 378 acrius
1114 337 1200 378 est:
1233 337 1374 378 Poenis
1414 335 1463 376 ad
1488 340 1514 387 †
1543 331 1734 374 obtinen-

397 404 499 440 dum
518 397 757 440 hesternum
775 399 900 438 decus
924 396 1222 448 adnitentibus,
1255 394 1460 436 Romanis
1485 393 1536 434 ad
1570 394 1633 448 (1)
1663 392 1734 431 de—

396 458 590 498 mendam
609 457 894 512 ignominiam.
955 455 1124 496 Sinistra
1145 459 1207 511 (2)
1231 455 1290 495 ala
1314 454 1363 495 ab
1387 451 1592 495 Romanis
1610 454 1650 493 δι
1667 463 1736 490 co-

396 517 552 567 hortes,
584 531 676 571 quae
699 516 915 557 amiserant
937 516 1059 571 ligna,
1083 515 1123 554 in
1144 514 1275 570 prima
1298 514 1384 555 acie
1401 511 1660 568 pugnabant,
1692 509 1734 552 &

396 576 506 632 legio
536 576 726 616 viccfima
761 575 810 616 ab
833 576 979 616 dextro
1002 589 1130 616 cornu
1165 573 1377 614 instructa.
1441 572 1491 613 L.
1515 567 1735 612 Corneliux

398 635 603 677 Lentulus
621 638 662 678 &
686 634 734 675 C.
759 634 959 676 Claudius
983 635 1099 675 Nero
1133 633 1255 688 legati
1291 631 1484 673 cornibus
1515 638 1733 685 praeerant,

398 695 625 736 Marcellus
639 693 817 734 mediam
841 694 988 742 aciem,
1021 693 1209 733 hortator
1232 691 1423 746 testisque
1440 688 1635 746 praesens,
1666 686 1736 727 fir-

398 756 558 807 mabar„
612 753 681 794 Ab
699 752 934 794 Hannibale
955 752 1128 806 Hispani
1147 753 1321 806 primam
1355 747 1597 804 obtinebant
1622 745 1738 788 fron-

398 826 499 862 tem,
534 815 572 854 &
592 815 653 868 (3)
675 812 716 852 id
739 812 897 853 roboris
919 812 958 851 in
983 810 1096 852 omni
1119 811 1301 852 exercitu
1322 820 1424 852 erat,
1490 807 1638 864 Quum
1665 820 1738 847 an-

399 886 497 927 ceps
519 872 591 912 diu
628 886 768 927 pugna
798 872 908 918 effer,
942 870 1152 911 Hannibal
1195 870 1438 925 elephantos
1475 867 1518 908 in
1559 866 1737 923 primam

400 931 529 972 aciem
553 930 853 986 inducijussit-:
886 931 910 970 fi
935 943 1060 983 quem
1078 929 1246 986 injicere
1268 944 1316 970 ea
1347 943 1411 970 res
1439 928 1670 968 tumultum
1691 938 1737 966 ac

399 1004 593 1045 pavorem
629 989 769 1044 pofl'et.
830 980 885 1029 Et
917 987 1054 1043 primo
1087 989 1305 1030 turbarunt
1329 988 1438 1044 signa
1475 984 1740 1038 ordinesque,

403 1052 440 1090 δι
467 1049 618 1104 partim
651 1047 891 1097 occulcatis,
925 1047 1074 1102 partim
1106 1047 1300 1102 dissipatis
1333 1059 1503 1096 terrore,
1535 1045 1606 1100 qui
1629 1042 1739 1085 circa

399 1119 532 1157 erant,
564 1108 822 1148 nudaverant
839 1106 921 1146 una
943 1117 1056 1161 parte
1072 1106 1215 1147 aciem.
1235 1106 1438 1160 latiusque
1461 1105 1561 1161 fuga
1582 1104 1741 1145 manas-

400 1167 473 1217 set,
507 1167 549 1207 ni
582 1166 629 1207 C.
655 1166 873 1210 Decimius
907 1166 1056 1206 Flavus
1088 1165 1279 1206 tribunus
1313 1165 1512 1216 militum,
1544 1163 1656 1220 {igno
1677 1178 1742 1204 ar·

397 1236 517 1281 repto
555 1229 616 1282 (4)
647 1225 772 1281 primi
803 1223 964 1274 hastati,
1014 1224 1274 1280 manipulum
1304 1225 1394 1281 ejus
1417 1223 1517 1280 signi
1551 1221 1590 1266 se
1626 1221 1739 1277 sequi

394 1285 577 1341 jussifl'et.
613 1284 751 1336 duxit,
784 1283 855 1325 ubi
890 1282 1069 1324 maxime}
1111 1284 1339 1325 tumultum
1378 1281 1637 1339 conglobatae
1655 1281 1742 1323 bel-

399 1347 480 1386 luae
497 1343 720 1394 faciebant,
754 1343 918 1398 pilaque
943 1343 983 1383 in
1002 1357 1070 1384 eas
1091 1343 1242 1400 conjici
1269 1342 1393 1400 justit.
1453 1341 1622 1384 Haesere
1650 1356 1741 1383 om-

398 1404 466 1445 nia
490 1405 570 1445 tela
591 1403 703 1444 haud
725 1402 883 1443 difficili
904 1417 954 1443 ex
977 1403 1212 1458 propinquo
1241 1402 1284 1443 in
1306 1412 1419 1443 tanta
1441 1415 1614 1457 corpora
1637 1401 1739 1447 ictu,

404 1466 443 1504 δε
467 1473 551 1504 tam
585 1465 648 1519 (5)
688 1461 876 1503 conferta
898 1461 1030 1502 turba.
1074 1461 1140 1502 sed
1165 1468 1209 1502 u‘t
1245 1476 1329 1502 non
1352 1475 1497 1503 omnes
1534 1462 1739 1507 vulnerati

400 1522 525 1571 sunt3
558 1522 629 1573 ita,
661 1521 703 1561 in
737 1535 917 1576 quorum
951 1521 1075 1576 tergis
1108 1520 1234 1560 infixa
1276 1521 1421 1570 stetere
1451 1519 1548 1576 pila,
1577 1522 1645 1576 (ut
1681 1522 1739 1562 est

402 1579 464 1637 (δ)
488 1595 619 1637 genus
652 1583 820 1635 anceps)
843 1581 885 1621 in
906 1580 1048 1636 fugam
1072 1580 1171 1621 verfi
1193 1579 1315 1621 etiam
1340 1579 1521 1636 integros
1544 1577 1739 1622 avertere.

400 1639 515 1680 Tum
534 1641 622 1696 jam
639 1653 724 1679 non
743 1654 850 1680 unus
871 1640 1127 1694 manipuius,
1161 1639 1227 1680 sed
1250 1653 1326 1694 pro
1345 1639 1382 1679 se
1402 1634 1574 1694 quisque
1607 1640 1740 1688 miles,

403 1698 475 1753 qui
496 1697 626 1739 modo
648 1698 799 1752 assequi
822 1712 970 1754 agmen
1005 1697 1258 1754 fugientium
1279 1697 1596 1754 elephantorum
1625 1712 1742 1754 pote·

403 1767 480 1808 rat,
513 1757 594 1812 pila
611 1757 831 1813 conjicere.
855 1771 904 1796 eo
927 1757 1057 1812 magis
1079 1771 1198 1797 ruere
1221 1758 1262 1797 in
1286 1757 1378 1798 suos
1399 1756 1573 1806 belluae3
1607 1768 1742 1799 tanto-

403 1830 484 1871 que
508 1818 707 1873 majorem
730 1815 904 1871 stragem
919 1816 1058 1867 edere,
1090 1814 1215 1870 quam
1234 1816 1340 1856 inter
1354 1815 1491 1857 hostes
1513 1816 1742 1868 ediderant,

403 1885 560 1930 quanto
592 1872 728 1916 acrius
760 1889 887 1929 pavor
923 1873 1224 1915 consternatam
1262 1877 1324 1929 (7)
1347 1874 1446 1930 agit,
1479 1874 1606 1930 quarn
1649 1877 1744 1917 insi-

404 1935 540 1976 dentis
573 1933 756 1990 magistri
789 1932 963 1989 imperio
996 1932 1165 1989 regitur.
1231 1931 1274 1973 In
1299 1933 1581 1989 perturbatam
1613 1935 1740 1989 trans-

453 2057 490 2087 C.
510 2064 562 2094 14.
577 2054 631 2097 (1)
657 2054 778 2085 Demere
794 2055 975 2096 ignominiam
988 2052 1085 2095 supra
1103 2052 1147 2085 cst
1163 2052 1182 2083 l.
1198 2063 1225 2083 2.
1239 2064 1264 2084 c.
1286 2052 1318 2085 6.
1341 2046 1427 2085 infr}
1444 2052 1465 2084 1.
1485 2065 1539 2092 4¹·
1556 2066 1585 2087 c.
1602 2064 1632 2096 3.
1657 2055 1743 2088 Nec-

405 2111 474 2133 non
486 2102 575 2132 delere
600 2102 784 2143 ignominiam
809 2099 896 2131 infra
916 2101 940 2130 l.
958 2109 1000 2140 39
1029 2110 1057 2130 c.
1075 2108 1130 2138 30.
1175 2101 1231 2140 (κ)
1252 2101 1447 2142 Lc-gendum
1463 2100 1598 2133 videtur
1619 2101 1744 2140 Simssn

405 2147 439 2178 &
456 2157 533 2178 mox
555 2148 629 2189 legio
652 2146 882 2189 duodevicgfima.
934 2146 981 2176 lta
1004 2145 1117 2186 copiae,
1136 2155 1207 2184 quae
1233 2145 1342 2186 pridie
1369 2155 1438 2177 rem
1462 2145 1547 2178 male
1571 2146 1746 2189 gesserant,

405 2200 504 2227 erunt
531 2192 566 2223 in
585 2190 692 2234 primi
708 2190 790 2229 acie,
812 2190 1094 2233 quemadmodum
1112 2191 1297 2222 Marcellus
1324 2192 1631 2233 pronunciaverat3
1658 2193 1745 2234 (vid.

405 2250 434 2270 c.
455 2248 509 2272 12.
529 2239 561 2269 &
577 2247 631 2277 13.
652 2237 761 2280 supr513
774 2239 804 2267 ὃ(
819 2236 954 2278 quidem
973 2236 1024 2267 ala
1039 2247 1075 2268 ac
1099 2236 1265 2272 cohortes,
1291 2247 1360 2278 quae
1387 2236 1474 2280 signa
1491 2238 1679 2277 amiserant,
1702 2238 1740 2271 si-

405 2284 518 2320 nistro,
543 2284 629 2326 legio
661 2284 768 2315 18ma.
796 2284 916 2314 dextro
945 2293 1060 2314 cornu.
1107 2282 1205 2314 Certe
1233 2293 1309 2314 mox
1338 2282 1420 2315 dicit
1443 2285 1743 2328 cornibuspraeerant.

406 2335 452 2361 At
473 2330 493 2361 ti
522 2329 694 2372 vulgatum
724 2329 903 2367 servamus,
926 2327 1025 2360 unius
1052 2327 1182 2359 tantum
1209 2328 1316 2360 dextri
1335 2339 1439 2361 cornu
1465 2337 1563 2362 antea
1589 2329 1741 2363 meminit

407 2375 531 2407 Livius.
575 2375 717 2418 [Le-gere
743 2374 887 2413 mallem,
910 2372 1116 2414 transpositis
1143 2374 1272 2405 duabus
1290 2374 1444 2414 vocibus,
1466 2376 1597 2416 Sinssn?
1618 2377 1655 2408 ab
1683 2378 1743 2409 Ro·

406 2425 509 2460 manis,
532 2421 581 2451 ala
601 2422 664 2453 Sec.
701 2420 824 2452 sinistri
852 2420 894 2453 sc.
928 2427 1043 2462 parte:
1070 2420 1171 2461 idque
1189 2420 1403 2452 Perizonium
1419 2421 1556 2454 voluiffe
1574 2430 1671 2464 puto.
1690 2424 1742 2466 1⁴22

406 2468 460 2509 13)
483 2467 534 2499 δῖε
551 2466 639 2498 iufra
657 2467 677 2498 1.
699 2466 755 2498 28.
775 2477 802 2499 c.
838 2476 891 2504 14.
909 2468 982 2509 quod
1002 2467 1111 2498 roboris
1127 2469 1157 2496 in
1179 2469 1241 2496 acie
1251 2467 1371 2506 hostium
1387 2474 1463 2498 erat.
1492 2468 1524 2499 δι
1549 2467 1628 2500 alibi
1645 2467 1739 2512 sepe.

406 2513 516 2545 Aliter
531 2512 615 2544 dixit
634 2516 666 2544 id
682 2513 768 2545 robur
784 2520 842 2543 toto
857 2516 986 2543 exercitu
1002 2519 1081 2543 erat.
1099 2511 1119 2542 l.
1136 2521 1192 2553 39.
1206 2522 1235 2543 c.
1257 2522 1311 2551 30.
1357 2513 1416 2554 (4)
1445 2512 1547 2545 Primi
1577 2513 1741 2557 manipuli

408 2558 636 2591 Hastatorum.
684 2559 739 2599 (5)
764 2557 879 2590 Potius
907 2566 979 2588 tum.
1031 2558 1109 2600 lpsae
1122 2557 1243 2588 belluae
1269 2558 1313 2589 ob
1326 2559 1446 2591 molem
1465 2567 1581 2601 patent
1598 2559 1743 2597 ictibusg

403 2604 529 2635 sedtum
544 2614 583 2635 eo
601 2603 715 2647 magis,
740 2605 831 2645 quod
845 2605 994 2635 conferta
1012 2612 1082 2635 erat
1100 2603 1210 2634 turba.
1256 2603 1312 2645 (6)
1327 2606 1373 2636 Ut
1390 2604 1435 2637 est
1446 2604 1654 2648 bellua‚quae
1672 2615 1740 2639 tam

404 2648 437 2680 in
456 2649 540 2686 suos,
564 2652 663 2690 quam
678 2649 712 2681 in
730 2649 848 2688 hostes,
871 2656 959 2681 ruat.
1009 2650 1066 2692 (7)
1090 2650 1217 2692 Nempe
1234 2648 1392 2683 belluam.

1615 2696 1736 2738 cursu
