1834 3099
161 174 248 220 294
891 166 945 208 T.
998 167 1189 208 L1V11

386 282 492 323 boris
513 281 678 338 majoris
700 281 916 324 Romanus
931 298 1055 338 eques
1071 295 1183 333 erat·,
1215 283 1271 324 ita
1287 283 1328 323 in
1350 283 1530 324 ablatum
1553 298 1704 340 paven-

384 341 492 381 tibus
518 342 660 395 procul
683 342 797 395 equis
829 340 977 382 melius
1013 358 1065 384 ex
1098 343 1309 382 intervallo
1330 343 1524 385 Numidae
1549 344 1705 399 jacula-

384 400 545 440 bantur.
604 400 796 442 Simul&
832 401 1015 467 pedit-um
1050 401 1157 456 legio
1194 402 1451 451 duodecima,
1484 416 1632 457 magna
1653 415 1703 441 ex

383 468 496 513 parte
519 448 632 507 caesa,
664 460 819 512 pudore
842 460 984 525 magis,
1017 475 1140 514 quam
1164 459 1334 510 viribus,
1365 459 1527 500 tenebat
1550 463 1703 501 locum.

383 531 458 558 nec
473 515 628 557 diutius
649 518 850 566 tenuisset,
881 519 923 558 ni
940 532 989 558 ex
1013 518 1191 559 subsidiis
1212 519 1488 558 tertiadecima
1505 519 1627 570 legio,
1659 519 1702 558 in

381 576 556 630 primam
596 576 723 615 aciem
757 576 943 625 induem,
975 578 1165 630 proelium
1197 576 1368 616 dubium
1389 578 1603 631 excepiflet
1626 579 1704 631 (3).

381 635 510 690 Mago
528 649 691 688 quoque
712 649 765 674 cx
778 635 958 675 subsidiis
982 636 1124 676 Gallos
1142 637 1308 691 integrae
1322 635 1474 690 legioni
1496 635 1699 690 opposuit.

382 693 548 748 Quibus
563 693 671 733 haud
700 707 848 749 magno
870 695 1090 735 certamine
1113 694 1225 741 susis,
1256 693 1400 734 hastati
1432 694 1603 749 legionis
1626 708 1703 734 un-

380 751 550 792 decimae
585 752 831 806 conglobant
853 753 945 801 sese,
978 763 1099 806 atque
1135 753 1374 806 elephantos
1405 753 1492 808 jam
1514 753 1701 806 peditum

379 810 507 850 aciem
544 811 753 851 turbantes
789 812 1001 851 invadunt.
1032 812 1072 850 in
1096 826 1198 865 quos
1220 826 1347 865 quum
1375 812 1456 865 pila
1492 811 1702 852 confertos

377 869 652 924 conjeciffent,
685 871 797 910 nullo
829 870 957 910 ferme
990 869 1134 910 frustra
1157 870 1313 922 emisso,
1345 883 1488 910 omnes
1510 879 1618 910 retro
1659 870 1702 910 in

377 927 505 967 aciem
549 928 714 968 suorum
756 938 1016 968 averterunt:
1067 938 1243 980 quatuor
1279 929 1432 984 gravati
1465 927 1702 969 vulneribus

375 997 633 1026 corruerunt.
706 986 818 1037 Tum
856 986 987 1039 prima
1028 990 1089 1039 (4)
1119 998 1326 1027 commota
1357 987 1535 1026 hostium
1577 987 1699 1031 acies.

377 1043 494 1084 simul
531 1044 722 1091 omnibus
756 1044 978 1099 peditibus,
1011 1055 1056 1084 ut
1092 1045 1249 1085 aversos
1286 1045 1422 1085 videre
1444 1044 1700 1099 elephantos,

375 1103 425 1142 ad
449 1105 683 1157 augendum
715 1117 906 1157 pavorem
944 1118 990 1143 ac
1013 1104 1239 1143 tumultum
1261 1103 1409 1143 effusis.
1451 1103 1535 1154 sed,
1567 1104 1699 1145 donec

374 1161 482 1201 stetit
503 1171 596 1202 ante
620 1162 727 1217 signa
742 1163 885 1214 Mago,
916 1163 1087 1216 gradum
1112 1162 1253 1202 seusun
1275 1161 1498 1202 referentes
1519 1162 1700 1212 ordines,

152 1219 274 1271 Vfflssmf
373 1218 595 1271 †tenorern
633 1235 781 1275 pugnae
819 1221 1054 1270 servabant;
1105 1221 1318 1275 postquam
1340 1225 1355 1270 11
1377 1219 1530 1260 femine
1568 1216 1721 1261 trans-s

149 1264 280 1294 Romam.
374 1277 458 1319 fixo
491 1280 722 1329 cadentem,
769 1279 1002 1333 auferrique
1033 1294 1082 1319 ex
1113 1280 1261 1334 proelio
1294 1278 1420 1334 prope
1450 1278 1701 1335 exsanguem

371 1337 525 1387 videre,
557 1339 762 1392 extemplo
779 1338 819 1377 in
838 1338 979 1394 fugam
1001 1352 1145 1378 omnes
1166 1338 1279 1378 verli.
1298 1339 1345 1377 ad
1366 1337 1549 1391 quinque
1571 1337 1700 1378 millia

369 1395 550 1436 hostium
590 1412 638 1437 eo
676 1397 740 1436 die
767 1397 882 1446 caesa,
929 1401 963 1436 Sc
999 1397 1106 1452 signa
1148 1396 1337 1436 militaria
1377 1397 1461 1436 duo
1490 1396 1698 1452 &viginti

371 1464 502 1508 capta.
561 1455 653 1496 Nec
672 1455 873 1496 Romanis
905 1455 1117 1496 incruenta
1134 1455 1304 1496 vi&oria
1327 1453 1432 1495 fuit:
1463 1455 1546 1495 duo
1568 1455 1697 1496 millia

372 1517 415 1554 &
436 1514 607 1554 trecenti
629 1515 678 1554 de
701 1514 884 1554 exercitu
917 1515 1116 1567 praetoris,
1148 1528 1240 1568 pars
1275 1514 1406 1552 multo
1431 1513 1610 1554 maxima
1644 1527 1696 1554 ex

370 1571 531 1626 legione
554 1572 814 1624 duodecima,
845 1573 983 1613 amissi.
1009 1573 1102 1612 inde
1123 1574 1162 1612 δε
1191 1571 1345 1612 tribuni
1382 1571 1561 1612 militum
1594 1573 1694 1622 duo,

370 1629 439 1671 M.
464 1630 704 1680 Cosconius,
737 1635 778 1673 &
819 1632 883 1673 M.
922 1631 1133 1672 Maenius:
1163 1630 1293 1670 tertiae
1328 1630 1498 1671 decimae
1527 1644 1694 1685 quoque

369 1688 558 1743 legionis,
591 1704 681 1743 quac
704 1692 768 1744 (5)
790 1689 992 1743 postremo
1012 1689 1159 1744 proelio
1181 1689 1383 1736 adfuerat,
1415 1688 1494 1729 Cn.
1516 1689 1694 1731 Helvius

368 1747 558 1788 tribunus
591 1748 767 1787 militum
791 1749 831 1787 in
860 1748 1106 1788 restituenda
1128 1748 1266 1802 pugna
1287 1746 1448 1794 cecidit,
1483 1750 1525 1789 &
1547 1748 1630 1788 duo
1650 1751 1691 1788 &

369 1805 513 1860 viginti
534 1806 663 1846 ferme
685 1807 842 1860 equites
863 1807 1050 1855 illustres,
1081 1806 1220 1847 obtriti
1249 1806 1299 1846 ab
1319 1805 1564 1859 elephantis,
1595 1820 1692 1847 cum

368 1865 677 1905 centurionibus
719 1865 873 1918 aliquot
913 1865 1151 1919 perierunt:
1203 1867 1242 1905 δε
1278 1864 1441 1918 longius
1481 1874 1690 1904 certamen

369 1922 516 1971 fuisset,
548 1923 590 1963 ni
612 1924 779 1963 vulnere
797 1924 912 1963 ducis
929 1923 1109 1963 concefi'a
1127 1923 1298 1963 viffloria
1318 1923 1426 1962 effer.

427 1981 544 2022 XIX.
577 1983 722 2036 Mago,
753 1981 948 2035 proximae
967 1981 1101 2022 noetis
1130 1979 1530 2034 silentio'profeci‘us,
1561 1996 1693 2036 quan-

145 2018 341 2060 Magoa-‚ssus
369 2049 458 2080 tum
492 2041 575 2094 pati
597 2041 671 2080 vise
706 2054 776 2094 per
809 2041 957 2080 vulnus
978 2050 1151 2094 poterat,
1185 2042 1245 2095 (1)
1267 2039 1479 2080 itineribus
1500 2041 1691 2090 extentis,

143 2067 174 2092 t'rt
192 2066 327 2105 Asmcum

146 2111 246 2140 redire.
370 2100 419 2138 ad
443 2113 554 2138 mare
584 2099 624 2138 in
648 2099 821 2154 Ligures
854 2099 1060 2153 ingaunos
1092 2098 1289 2152 pervenit.
1351 2097 1407 2138 ibi
1438 2103 1532 2138 eum
1567 2099 1708 2154 legati*

371 2156 420 2197 ab
447 2157 717 2213 Karthagine,
759 2157 900 2211 paucis
934 2156 1026 2196 ante
1060 2156 1202 2197 diebus
1237 2156 1280 2196 in
1310 2155 1439 2196 smum
1476 2157 1688 2198 Gallicum

1511 2216 1707 2276 appulsis¹

370 2345 459 2366 cum.
495 2336 599 2376 Supra
612 2334 633 2365 l.
653 2343 705 2366 ιο.
726 2345 752 2364 c.
781 2343 833 2366 20·
849 2335 1018 2365 Intermixii
1032 2334 1153 2374 hostibus
1182 2332 1268 2365 insrzi
1285 2332 1308 2365 l.
1326 2341 1378 2373 37.
1403 2344 1430 2364 c.
1455 2331 1512 2373 38.
1529 2333 1690 2376 Sagittarii

369 2384 469 2421 equiles
493 2383 662 2410 intermixti.
710 2380 766 2421 (3)
784 2380 833 2410 Sic
852 2379 938 2410 inssi]
970 2379 990 2410 l.
1009 2379 1061 2418 38.
1093 2391 1120 2411 c.
1146 2389 1199 2411 22.
1222 2387 1249 2409 ut
1266 2382 1370 2422 integri
1380 2386 1508 2421 pugnum
1535 2382 1687 2422 excipiant.

369 2424 523 2456 Similiter
536 2431 660 2467 accipere·
672 2432 801 2466 pugnam
819 2424 863 2455 ib.
879 2435 903 2456 c.
927 2434 979 2463 25-
1029 2425 1086 2465 (4)
1102 2424 1253 2457 Duker-us
1270 2425 1342 2456 vult
1367 2425 1441 2455 ‘Tum
1451 2425 1602 2467 primBm;
1627 2425 1686 2456 ad—

369 2470 497 2511 ditque,
521 2474 543 2488 “
561 2471 617 2502 etsi
634 2469 719 2501 Galli
735 2480 774 2500 ex
799 2468 945 2501 subsidiis
961 2469 993 2500 in
1022 2470 1173 2512 proelium
1188 2470 1314 2502 indutfi'ti
1335 2473 1433 2512 prima
1445 2473 1518 2501 acies
1533 2468 1597 2501 dici
1613 2470 1686 2510 pos·

368 2515 474 2546 sunt.''
520 2515 554 2546 ld
574 2512 654 2546 vero
666 2514 798 2546 Livium
811 2526 877 2546 non
895 2514 1028 2547 voluisse¹
1045 2514 1168 2547 constat
1183 2527 1191 2552 ;
1208 2515 1322 2546 Gallos
1336 2514 1422 2546 enim
1438 2512 1503 2556 jam
1519 2515 1595 2546 ante
1611 2516 1693 2546 haud

370 2574 468 2603 magno
483 2563 634 2591 cer'lamine
651 2560 738 2592 susos
755 2559 961 2592 memoravit.
978 2562 1016 2591 F..
1062 2561 1117 2602 (5)
1129 2560 1207 2592 Vid.
1227 2562 1472 2603 †prim0praelto.
1490 2561 1525 2590 E.

414 2624 454 2655 C·
473 2632 526 2665 19.
544 2624 600 2666 (1)
617 2625 730 2666 Qum
755 2631 846 2656 tanta
876 2622 996 2656 seciss'ct
1018 2622 1149 2665 itinera,
1173 2631 1296 2666 quanta
1314 2633 1374 2667 per
1401 2622 1680 2709 vulnus(p‹)>t{rat.

1542 2677 1558 2700 2
1626 2679 1679 2700 em
