1834 3099
842 239 895 283 T.
943 240 1161 284 L1v11

378 355 505 401 modo
527 356 577 398 ad
612 357 810 408 animum,
841 357 908 400 sed
937 373 988 398 ne
1005 359 1054 398 ad
1074 371 1190 398 aures
1207 357 1372 412 quidem
1403 351 1682 397 admittebant.

378 418 431 458 Et
467 416 692 466 Hannibal,
713 415 1030 470 haudquaquam
1049 416 1183 456 similis
1205 417 1304 466 dux,
1326 429 1456 469 neque
1480 413 1594 454 fimili
1616 426 1686 451 ex-

380 476 529 527 ercitu,
571 487 703 528 neque
746 474 799 514 ita
837 474 1034 515 instruito
1071 475 1219 514 aderat.
1253 487 1349 528 ergo
1390 488 1440 513 ne
1466 474 1687 512 clamorem

383 533 550 589 quidem
574 543 693 587 atque
716 533 913 586 impetum
945 533 1122 587 primum
1145 546 1284 572 eorum
1316 531 1495 571 Romani
1517 528 1691 569 sustinu-

383 606 464 632 ere.
526 592 642 644 Dux,
675 591 839 631 stultitia
863 594 902 632 δε
939 591 1162 630 temeritate
1195 590 1395 630 Centenio
1431 603 1518 644 par,
1550 585 1688 627 animo

384 663 645 704 nequaquam
681 651 994 702 comparandus,
1019 649 1086 688 ubi
1121 662 1206 688 rem
1229 648 1462 688 inclinatam
1491 660 1536 686 ac
1568 644 1693 697 trepi-

386 710 529 749 dantes
550 707 642 747 suos
663 707 778 758 vidit,
793 721 900 760 equo
922 718 1080 761 arrepto
1103 721 1196 746 cum
1219 707 1404 746 ducentis
1423 704 1552 745 ferme
1578 701 1694 756 equi-

387 767 496 807 tibus
517 766 677 820 effugit:
709 776 840 806 cetera
859 781 879 805 a
902 765 1037 805 fronte
1054 765 1179 819 pulsa,
1201 780 1222 805 a
1242 776 1357 820 tergo
1393 774 1514 817 atque
1536 763 1600 816 (6)
1620 760 1695 801 alis

387 825 666 866 circumventa
715 823 834 870 acies,
873 822 924 864 eb
961 823 1086 877 usque
1127 823 1184 863 est
1218 822 1333 872 caesa,
1370 833 1415 861 ut
1459 835 1508 861 ex
1539 819 1694 860 duode-

389 883 533 938 viginti
581 881 757 921 millibus
795 882 1027 931 hominum,
1083 882 1164 921 duo
1198 881 1323 921 millia
1364 880 1475 920 haud
1521 878 1697 934 ampliuS

389 941 598 982 evaserint.
617 940 754 980 castris
771 939 903 979 hostes
925 940 1042 993 potiti
1059 939 1162 979 sunt.

450 998 585 1039 XXH.
624 998 701 1037 Hae
733 998 882 1046 clades,
913 997 1029 1053 super
1064 997 1182 1038 aliam
1220 997 1312 1045 alia,
1353 996 1532 1036 Romam
1568 1008 1697 1050 quum

391 1052 515 1098 essent
530 1062 555 1109 ἦ·
575 1057 792 1103 nunciam,
813 1055 955 1110 ingens
978 1056 1142 1108 quidem
1167 1058 1206 1096 &
1231 1056 1367 1096 ludius
1386 1058 1425 1096 &
1444 1068 1569 1109 pavor
1599 1053 1698 1094 civi-

391 1125 517 1156 tatem
546 1115 666 1168 cepit.
688 1113 752 1153 sed
777 1124 927 1162 tamen,
950 1114 1043 1166 quia
1066 1113 1263 1162 consules,
1286 1113 1354 1153 ubi
1384 1113 1540 1152 summa
1560 1126 1699 1152 rerum

392 1174 501 1219 esset,
523 1173 572 1212 ad
593 1173 631 1212 id
668 1175 690 1224 ss
720 1172 904 1210 locorum
937 1171 1123 1225 prospere
1144 1185 1229 1210 rem
1256 1181 1457 1225 gererent,
1477 1169 1615 1210 minus
1636 1169 1700 1210 his

392 1230 576 1271 cladibus
594 1230 968 1270 commovebantur.
1027 1231 1205 1284 Legatos
1232 1230 1281 1268 ad
1318 1229 1501 1269 consules
1532 1229 1702 1268 mittunt

392 1291 444 1331 C.
465 1289 706 1337 Laetorium,
730 1288 791 1327 M.
814 1287 1038 1336 Metilium,
1057 1287 1127 1342 qui
1148 1287 1404 1336 nunciarent,
1428 1297 1473 1327 ut
1510 1289 1572 1340 (1)
1608 1285 1703 1327 reli-

393 1347 509 1402 quias
531 1348 706 1386 duorum
739 1345 992 1385 exercituum
1015 1360 1109 1386 cum
1137 1359 1232 1385 cura
1253 1345 1513 1410 colligerent:
1540 1345 1704 1385 darent-

394 1420 473 1459 que
502 1418 683 1458 operam,
720 1418 770 1443 ne
807 1418 878 1457 per
912 1413 1068 1444 metum
1101 1418 1146 1443 ac
1179 1403 1498 1458 desperationem
1525 1402 1630 1443 hosti
1663 1400 1703 1442 se

393 1465 603 1512 dederent,
628 1463 686 1516 (id
709 1463 818 1515 quod
836 1461 922 1515 post
946 1461 1202 1502 Cannensem
1224 1461 1424 1502 accidisset
1449 1462 1624 1515 cladem)
1659 1464 1702 1502 &

393 1532 440 1562 ut
451 1527 475 1574 †
488 1520 708 1561 desertores
721 1521 769 1558 de
784 1521 965 1560 exercitu
982 1522 1174 1559 volonum
1192 1521 1252 1573 (2)
1266 1519 1565 1572 conquirerent.
1589 1519 1704 1559 Idem

393 1579 546 1635 negotii
582 1578 629 1618 P.
664 1578 856 1618 Cornelio
889 1579 1046 1625 datum,
1083 1577 1148 1617 cui
1187 1580 1227 1618 δε
1261 1577 1444 1617 deleE'tus
1487 1578 1704 1617 mandatus

393 1648 496 1679 erat:
527 1636 639 1690 isque
657 1650 728 1689 per
745 1635 831 1675 fora
854 1635 1201 1688 conciliabulaque
1219 1638 1281 1689 (3)
1312 1635 1452 1684 edixit,
1475 1647 1521 1675 ut
1533 1635 1706 1689 conqui-

394 1696 480 1736 s1tio
513 1695 707 1734 volonum
739 1693 869 1744 fieret,
893 1693 1002 1747 iique
1024 1695 1073 1733 ad
1106 1694 1212 1748 figna
1235 1694 1538 1733 reducerentur.
1600 1694 1704 1734 Haec

394 1753 532 1794 omnia
559 1750 817 1791 intentislima
834 1752 927 1791 cura
961 1751 1065 1792 aeta.
1128 1753 1207 1804 Ap.
1233 1752 1431 1792 Claudius
1453 1750 1606 1800 consul,
1643 1751 1701 1791 D.

371 1858 375 1860 ,
395 1811 520 1865 Junio
538 1811 587 1850 ad
609 1810 756 1850 ostium
772 1809 985 1861 Vulturni,
1003 1810 1064 1850 M.
1085 1810 1256 1849 Aurelio
1273 1810 1393 1850 Cotta
1410 1809 1586 1849 Puteolis
1602 1824 1705 1864 prae-

396 1869 541 1925 polito,
563 1868 648 1922 qui,
671 1877 715 1907 ut
747 1881 919 1920 quaeque
941 1881 1061 1908 naves
1084 1881 1132 1906 ex
1165 1867 1324 1907 Etruria
1348 1882 1392 1907 ac
1418 1867 1604 1907 Sardinia
1639 1882 1706 1908 ac·-

396 1927 588 1968 cessifi'ent
636 1926 840 1980 extemplo
862 1926 901 1964 in
926 1925 1051 1965 castra
1087 1925 1295 1965 mitterent
1327 1924 1601 1974 frumentum3
1625 1925 1707 1980 ipse

397 1987 447 2026 ad
465 1985 649 2038 Capuam
671 1983 883 2038 regressuS,
906 1983 979 2041 Q
994 1983 1181 2023 Fulvium
1200 1985 1395 2038 collegam
1418 1983 1572 2024 invenit
1599 1983 1708 2024 Casi-

397 2043 489 2092 lini,
512 2043 650 2082 onmia
673 2042 766 2082 inde
781 2052 1010 2095 portantem
1040 2041 1358 2095 molientemque
1391 2043 1441 2082 ad
1466 2056 1708 2097 oppugnan-

398 2103 492 2142 dam
530 2100 729 2154 Capuam.
791 2099 902 2138 Tum
952 2098 1071 2138 ambo
1105 2099 1450 2140 circumsederunt
1483 2099 1639 2144 urbem,
1666 2103 1704 2141 δι

399 2159 620 2200 Claudium
637 2158 843 2197 Neronem
868 2167 1082 2211 praetorem
1105 2156 1153 2196 ab
1175 2157 1355 2197 Sueffulfi
1373 2171 1421 2197 ex
1444 2160 1507 2211 (4)
1539 2158 1710 2199 Claudi-

401 2217 489 2258 anis
506 2215 643 2257 castris
664 2215 913 2255 exciverunt.
973 2216 1011 2256 Is
1034 2229 1212 2269 quoque,
1246 2216 1408 2256 modico
1445 2215 1499 2255 ibi
1526 2216 1709 2270 praefidio

1658 2276 1708 2315 ad

407 2393 526 2423 Senatus
540 2393 599 2422 inde
625 2392 721 2421 haberi
750 2398 847 2433 coeptus
864 2391 914 2434 est:
938 2392 1097 2434 quodficut‚
1121 2398 1249 2433 regnante
1268 2391 1402 2427 Hierone,
1415 2392 1555 2432 manserat
1565 2391 1708 2433 publicum

406 2439 554 2476 confilium,
570 2440 609 2467 ito
623 2437 680 2480 pqst
695 2444 807 2467 mortem
824 2440 893 2478 {ju-t,
908 2449 990 2478 neque
1007 2440 1148 2467 convocati
1162 2450 1245 2478 neque
1257 2438 1371 2478 cotgsulti
1379 2438 1514 2477 fueraut.
1563 2436 1620 2477 (6)
1643 2440 1711 2468 Alae

408 2481 463 2514 hic
484 2483 556 2513 sunt
570 2482 672 2513 latera
688 2481 776 2512 aciei.

456 2546 496 2576 C.
525 2554 579 2576 22.
602 2546 658 2586 (1)
681 2546 785 2586 Supra
803 2544 824 2576 l.
846 2553 898 2576 22.
924 2554 953 2575 c.
973 2543 1026 2582 56.
1050 2545 1184 2585 reliquias
1199 2550 1289 2575 tanta·
1307 2545 1392 2574 cladis
1409 2545 1499 2574 veluti
1522 2556 1536 2574 e
1558 2547 1710 2587 naufragio

407 2592 584 2632 colligentem.
629 2590 685 2629 (2)
708 2589 782 2620 Vid.
806 2590 902 2631 supra
919 2599 947 2620 c.
969 2598 1021 2621 20.
1040 2590 1071 2620 &
1089 2596 1156 2619 not.
1179 2598 1204 2619 1.
1222 2591 1262 2619 ad
1286 2600 1312 2619 c.
1331 2597 1384 2627 32.
1403 2588 1425 2618 l.
1454 2598 1505 2627 23.
1550 2590 1605 2629 (3)
1630 2589 1709 2620 Vid.

408 2642 474 2666 not.
493 2645 521 2672 4.
540 2635 580 2666 ad
602 2644 631 2665 c.
646 2644 679 2673 5.
699 2634 809 2677 supra.
853 2635 913 2676 (4)
934 2635 980 2665 lta
996 2633 1167 2677 appellatis
1183 2644 1202 2664 a
1219 2634 1272 2665 M.
1292 2631 1431 2665 Claudio
1449 2635 1623 2672 Marcello,
1649 2634 1706 2676 qui

1673 2690 1712 2711 Ga
