1840 3094
420 171 642 213 LIBER
694 171 854 213 XXIII.
897 172 1058 215 CAP.
1105 175 1162 216 V.
1593 178 1670 230 165·

157 283 281 339 qufim
304 286 328 326 fi
359 286 488 340 plebis
511 287 565 329 ibi
592 287 686 328 effet
720 287 953 329 concilium.
1015 290 1146 330 Prona
1171 290 1326 345 semper
1357 289 1453 332 civi-

156 352 217 382 tas
248 343 289 384 in
320 346 538 395 luxuriam,
568 360 651 385 non
673 346 931 401 ingeniorum
961 346 1086 387 modo
1107 348 1220 398 vitio,
1250 349 1316 390 sed
1337 350 1453 389 afflu-

155 400 240 440 enti
276 404 391 457 copia
420 404 705 458 voluptatium,
741 403 1000 445 &illecebris
1035 405 1168 446 omnis
1204 408 1452 450 amoenitatis

156 459 370 502 maritimae
408 462 710 516 terrestrisque3
742 471 829 502 tum
851 461 948 502 vero
987 463 1040 503 ita
1076 463 1266 517 obsequio
1302 465 1453 518 princi-

154 530 255 569 pum
292 521 329 560 &
362 519 524 559 licenti&
558 525 583 573 †
614 519 745 574 plebei
780 520 973 570 lascivire,
1005 531 1051 561 ut
1079 535 1152 562 nec
1188 521 1345 561 libidini
1376 537 1451 564 nec

153 573 380 631 sumptibus
411 579 556 618 modus
587 579 694 618 effet.
733 579 783 618 ad
816 588 1096 634 contemptum
1124 581 1278 634 legum,
1309 581 1455 635 magis-

154 643 353 687 tratuum,
386 634 561 685 senatus,
592 635 749 677 accessit
770 646 873 685 tum,
894 637 981 691 post
1001 637 1256 678 Cannensem
1280 639 1452 688 cladem,

155 701 214 741 ut,
261 695 379 749 cujus
414 694 545 748 aliqua
578 704 663 734 erat
703 695 962 744 verecundia,
1009 695 1246 736 Romanum
1290 710 1453 750 quoque

152 749 370 805 imperium
411 752 656 806 spernerent.
692 753 733 791 id
767 750 892 793 modo
929 763 1013 792 erat
1051 757 1109 808 (4)
1150 754 1191 792 in
1225 755 1355 806 moriz,
1401 768 1453 795 ne

151 811 357 863 extemplo
379 809 615 860 deficerent,
646 809 757 864 quod
782 810 1031 852 connubium
1068 811 1274 852 vetustum
1307 813 1456 853 multas

151 866 326 913 ¹familias
346 869 473 908 claras
494 883 539 909 ac
561 879 746 922 potentes
775 869 974 909 Romanis
994 868 1232 910 miscuerat:
1266 872 1304 911 ἃ
1327 867 1455 924 quod,

151 939 281 979 quum
303 925 523 967 militarent
559 927 714 981 aliquot
735 928 841 980 apud
863 927 1090 976 Romanos,
1122 927 1347 968 maximum
1368 927 1457 968 viii-

151 984 292 1029 culum
314 994 428 1024 erant
457 986 627 1024 trecenti
649 984 819 1038 equites,
850 985 1112 1026 nobiliffimus
1134 985 1302 1040 quisque
1334 985 1457 1026 Cam-

151 1054 369 1101 panorum,
400 1042 642 1140 inffpraefidia
663 1043 895 1084 Sicularum
917 1042 1079 1084 urbium
1107 1044 1255 1085 deleeti
1287 1043 1336 1084 ab
1368 1044 1456 1084 Ro-

152 1114 285 1140 manis
307 1115 352 1140 ac
375 1115 429 1140 mi
463 1117 488 1149 i.

211 1158 266 1199 V.
297 1158 460 1208 Horum
483 1169 668 1213 parentes
690 1159 933 1214 cognatique
968 1173 1072 1215 aegre
1104 1159 1378 1214 pervicerunt,
1410 1169 1456 1202 ut
1475 1167 1581 1208 Legati
1594 1166 1678 1199 Cam-

150 1216 273 1271 legati
300 1218 350 1256 ad
373 1217 578 1257 consulem
602 1218 839 1257 Romanum
861 1218 1131 1259 mitterentur,
1188 1219 1239 1270 Ii,
1270 1220 1455 1260 nondum
1473 1225 1614 1266 Fffflfflm
1641 1216 1681 1245 «Δ

152 1275 376 1316 Canufium
398 1275 652 1330 profectum,
684 1275 749 1316 sed
775 1275 962 1316 Venufiae
984 1291 1076 1317 cum
1109 1277 1249 1331 paucis
1270 1291 1315 1317 ac
1338 1277 1457 1317 semi·
1479 1258 1537 1298 Lqfi
1552 1259 1634 1289 Rom.

150 1332 331 1373 ermibus
366 1333 574 1374 consulem
615 1334 872 1383 invenerunt,
917 1333 1040 1388 quum
1076 1343 1234 1388 poterat
1278 1335 1456 1376 maxime

150 1390 420 1431 miserabilem
455 1391 573 1432 bonis
609 1391 751 1441 sociis;
784 1391 963 1447 superbis
985 1402 1105 1445 atque
1131 1392 1377 1443 infidelibus,
1410 1403 1457 1434 ut

149 1459 264 1488 erant
295 1449 511 1504 Campani,
542 1449 827 1504 spernendum.
889 1450 941 1489 Et
975 1450 1088 1490 auxit
1122 1464 1258 1491 rerum
1292 1450 1456 1492 suarum

148 1507 290 1561 suique
312 1517 595 1562 contemptum
626 1508 765 1548 consul
790 1507 912 1548 nimis
940 1508 1167 1563 detegendo
1201 1510 1357 1550 cladem
1380 1524 1457 1550 nu-

148 1566 382 1620 dandoque.
441 1566 550 1605 Nam
583 1581 711 1620 quum
743 1566 881 1621 legati,
912 1580 1017 1621 aegre
1045 1566 1151 1608 ferre
1173 1564 1355 1609 senatum
1382 1582 1457 1622 po-

147 1625 374 1678 pulumque
413 1624 686 1678 Campanum,
731 1625 879 1665 adverfi
914 1625 1133 1679 quicquam
1166 1626 1334 1666 evenisse
1369 1626 1458 1668 Ro-‚-

149 1683 299 1733 manis,
343 1683 608 1731 nunciass'ent,
654 1683 1032 1737 pollicerenturque
1071 1683 1224 1735 omnia,
1267 1698 1359 1738 quae
1405 1686 1455 1725 ad

149 1740 305 1781 bellum
346 1755 450 1795 opus
471 1741 620 1789 efl'ent3
655 1741 807 1782 Morem
840 1742 975 1795 magis,
1007 1741 1155 1796 inquit,
1186 1742 1352 1796 loquendi
1372 1759 1455 1783 cum
1476 1763 1643 1805 Responfism

138 1801 251 1856 ficiis
259 1800 472 1859 servastis,
488 1799 688 1852 Campani,
699 1800 887 1854 jubentes,
918 1815 994 1853 quae
1013 1810 1102 1854 opus
1115 1801 1220 1857 ffnt
1240 1801 1292 1841 ad
1301 1801 1455 1854 bellum,
1477 1810 1609 1850 σοφίη.

147 1860 348 1911 imperare,
379 1857 493 1912 quam
526 1860 781 1898 convenienter
814 1857 866 1897 ad
893 1859 1104 1913 praestntem
1124 1858 1296 1914 fhrtunae
1326 1860 1457 1918 nostr-te

139 1917 292 1975 statum
312 1916 422 1956 locuti
441 1917 541 1974 estis.
605 1916 721 1974 Q‘i‘l
731 1918 827 1955 enlm
845 1917 941 1955 nobis
961 1917 1014 1956 ad
1031 1917 1186 1956 Cannas
1199 1918 1371 1957 reliHum
1386 1918 1456 1974 est,

151 1983 209 2026 ut,
239 1973 341 2029 quast
365 1975 516 2029 aliquid
542 1973 755 2026 habeamus,
786 1974 840 2024 id,
870 1974 967 2028 quod
982 1975 1084 2030 dest,
1116 1974 1256 2028 expleri
1281 1976 1327 2015 ab
1343 1976 1457 2028 ficiis

150 2033 310 2073 velimus
325 2035 347 2072 Ρ
379 2033 531 2073 Pedites
564 2033 665 2073 vobis
694 2034 927 2086 imperemus,
958 2041 1138 2087 tanquam
1158 2035 1292 2087 equites
1324 2033 1457 2073 habea-

152 2106 236 2131 mus
253 2093 274 2129 ,Ρ
299 2093 496 2144 pecuniam
529 2090 635 2147 deff
654 2091 835 2140 dicamus,
877 2100 1055 2145 tanquam
1090 2107 1132 2130 ea
1158 2090 1306 2131 tanticm
1327 2090 1411 2145 dfit
1431 2095 1454 2131 ?

154 2148 284 2198 Nihil,
317 2151 379 2203 (Ι)
409 2165 454 2189 ne
478 2149 574 2204 quod
577 2150 839 2203 suppleremus
855 2149 1012 2203 quidem,
1045 2151 1142 2190 nobis
1168 2150 1319 2204 reliquit
1320 2150 1455 2206 fortu—

151 2223 216 2248 na.
248 2207 414 2261 legiones,
445 2209 645 2262 equitatus,
676 2223 801 2257 arma,
816 2207 948 2262 stgna,
978 2209 1061 2261 equi
1093 2208 1257 2261 virique,
1281 2209 1456 2261 pecunia,

147 2259 386 2315 eonztizeatus,
417 2275 485 2306 aut
514 2267 553 2304 in
577 2266 667 2313 acie,
698 2274 766 2305 aut
791 2267 886 2305 binis
899 2266 1042 2322 postero
1070 2266 1128 2305 die
1156 2264 1291 2320 amgffis
1318 2267 1456 2323 castris

144 2325 356 2379 perierunt.
419 2325 553 2377 Itaque
572 2338 641 2362 non
648 2325 800 2377 juvetis
821 2339 883 2362 nos
913 2325 952 2362 in
972 2323 1056 2363 bello
1074 2324 1222 2375 oportet,
1255 2324 1456 2377 Campani,

140 2382 216 2441 sed
242 2381 340 2436 pene
375 2382 514 2423 bellum
548 2392 619 2436 pro
654 2382 755 2421 nobis
776 2382 1002 2437 sust-ipiatt's.
1068 2381 1204 2421 Veniat
1224 2381 1264 2421 iu
1284 2391 1455 2435 mentem,

1416 2450 1460 2482 ut

143 2579 239 2621 serre.
285 2575 342 2620 (4)
365 2575 415 2609 Sic
430 2576 510 2608 Ter.
528 2573 563 2606 in
579 2575 688 2608 Andr.
703 2584 732 2615 3.
752 2585 778 2608 1.
796 2584 828 2617 9.
871 2575 1045 2618 Sed-sequere
1058 2588 1100 2607 mc
1115 2578 1200 2615 intro,
1222 2589 1256 2610 ne
1270 2579 1299 2608 in
1311 2573 1392 2608 neoni
1414 2581 1459 2611 illi

143 2623 297 2708 ’fis-Cli&
339 2666 393 2711 (1)
408 2667 444 2700 ld
461 2666 566 2701 solum
581 2665 704 2710 expleri
719 2665 833 2710 potest,
855 2665 947 2709 cujus
964 2666 1076 2702 saltem
1091 2666 1226 2710 aliquod
1241 2667 1455 2719 habetur-ini-

1367 2720 1459 2752 {lm
