1834 3099
451 169 685 218 LIBER
716 175 855 219 XXX.
889 173 1046 219 CAP.
1079 171 1170 218 XL.

146 289 298 342 populo
329 288 535 345 impartire
569 296 649 349 (3).
707 292 818 333 Tum
841 302 1021 348 patuere,
1055 296 1117 348 (4)
1138 291 1248 333 faita
1282 290 1459 348 gratulaa-

147 346 270 397 tione,
301 350 438 389 omnia
475 352 516 391 in
553 354 651 392 urbe
687 353 852 404 templa,
884 351 1275 406 supplicationesque
1311 351 1353 390 in
1387 351 1458 391 tri-

144 404 273 444 duum
315 408 499 450 decretae.
558 409 721 465 Legatis
760 409 1159 465 Karthaginiensium
1200 412 1236 450 δι
1277 408 1458 463 Philippi

142 463 250 516 regis
291 466 402 518 (nam
424 466 450 506 ii
483 483 646 522 quoque
681 472 892 522 venerant)
923 467 1170 522 petentibus,
1213 476 1257 507 ut
1297 466 1457 507 senatus

143 518 213 558 fibi
248 522 426 574 daretur,
458 526 690 581 responsum
721 526 828 581 juffu
858 527 1028 567 Patrum
1066 526 1115 566 ab
1146 525 1347 565 di&atore
1382 523 1456 574 est,

142 578 328 622 consules
349 596 476 624 novos
508 586 565 625 eis
588 584 770 625 senatum
807 586 973 624 daturos
1004 585 1094 626 effe.
1155 582 1333 624 Comitia
1360 582 1453 622 inde
1473 597 1515 628 U.
1532 609 1560 630 c.
1577 606 1653 638 551.

141 633 292 680 habita.
313 641 436 680 creati
459 643 642 683 consules
665 642 742 683 Cn.
766 643 984 683 Cornelius
1005 642 1222 690 Lentulus,
1255 643 1300 682 P.
1316 640 1451 681 AElius
1471 653 1499 673 a.
1510 644 1547 675 C·
1561 653 1632 675 7¹01·

140 692 302 737 Paetus:
334 697 548 750 Praetores,
581 702 642 740 M.
679 700 828 752 Junius
863 701 1044 750 Pennus,
1087 700 1153 740 cui
1183 699 1265 739 sors
1301 698 1453 738 urbana

1472 689 1536 720 Cn.
1553 691 1636 720 Cor-

1471 735 1569 769 nelio,
1581 735 1615 764 P.

141 754 306 803 evenit3
340 756 406 797 M.
437 758 627 799 Valerius
661 760 777 798 Falto
809 759 1010 810 Bruttios,
1041 759 1104 799 M.
1140 757 1290 798 Fabius
1321 757 1454 796 Buteo
1472 776 1675 811 AE1i0.Coff.

140 810 385 863 Sardiniam,
416 815 461 855 P.
487 817 621 857 AElius
654 816 821 856 Tubero
850 817 1030 857 Siciliam
1060 816 1117 857 cst
1148 815 1323 856 sortitus.
1389 815 1453 854 De

137 870 357 922 provinciis
379 873 591 914 consulum
627 875 728 915 nihil
750 874 843 915 ante
864 875 1047 929 placebat
1068 874 1148 929 agi,
1179 871 1304 928 quam
1333 872 1456 927 legati

137 927 315 983 Philippi
351 932 457 986 regis
496 934 536 974 δι
574 933 973 989 Karthaginiensium
1013 933 1141 974 auditi
1182 933 1319 972 effent.
1360 930 1456 971 belli

137 982 263 1026 finem
286 989 466 1039 alterius,
497 992 745 1046 principium
782 992 946 1033 alterius
977 989 1273 1046 prospiciebant
1294 989 1454 1030 animis.

137 1043 219 1085 Cn.
260 1046 461 1088 Lentulus
521 1051 658 1090 consul
704 1050 925 1104 cupiditate
982 1049 1176 1104 flagrabat
1234 1047 1454 1102 provinciae

138 1102 321 1153 Africae3
367 1106 435 1146 seu
465 1106 616 1148 bellum
654 1108 778 1159 foret,
810 1107 971 1148 facilem
1008 1108 1240 1156 victoriam,
1272 1106 1340 1146 seu
1367 1107 1452 1161 jam

137 1159 339 1213 finiretur,
373 1163 477 1205 finiti
506 1167 607 1206 tanti
629 1167 723 1207 belli
746 1169 809 1221 (5)
832 1167 870 1206 se
901 1166 1064 1207 consule
1096 1165 1267 1221 gloriam
1298 1175 1453 1217 petens.

135 1219 299 1276 Negare
328 1223 464 1277 itaque
498 1224 611 1278 prius
646 1225 866 1279 quicquam
900 1225 964 1280 agi
987 1225 1206 1279 passurum,
1238 1222 1362 1276 quam
1387 1222 1457 1262 fibi

138 1277 281 1319 Africa
312 1282 471 1322 decreta
505 1283 614 1331 esset,
643 1285 893 1323 concedente
924 1284 1095 1338 collega,
1127 1282 1337 1322 moderato
1369 1281 1457 1321 viro

141 1341 179 1379 8<
201 1340 422 1394 prudenti3
476 1342 544 1395 qui
585 1342 722 1396 gloria:
757 1342 843 1397 ejus
875 1352 1083 1382 certamen
1119 1354 1214 1380 cum
1247 1339 1457 1393 Scipione,

136 1407 409 1451 praeterquam
446 1397 559 1453 quod
593 1400 780 1453 iniquum
816 1400 924 1448 effet,
956 1400 1079 1439 etiam
1115 1399 1247 1452 impar
1268 1397 1457 1437 futurum

136 1456 341 1497 cernebat.
403 1457 698 1515 QMinucius
728 1458 936 1498 Thermus
966 1461 1003 1499 δε
1028 1457 1131 1511 †M.
1171 1455 1330 1496 Acilius
1355 1456 1458 1496 Gla-

136 1512 240 1563 brio,
272 1513 590 1569 tribuniplebis,
623 1531 712 1563 rem,
741 1517 866 1569 priore
881 1530 979 1556 anno
999 1517 1240 1570 nequicquam
1276 1522 1456 1553 tentatam

136 1573 183 1612 ab
206 1572 268 1612 Ti.
295 1572 451 1613 Claudio
472 1575 623 1629 consule,
658 1574 729 1614 Cn.
756 1574 965 1614 Cornelium
986 1583 1132 1613 tentare
1153 1571 1326 1612 aiebant.
1389 1572 1456 1612 Ex

134 1632 356 1671 aufforitate
387 1632 551 1673 Patrum
571 1633 690 1672 latum
713 1632 764 1672 ad
773 1633 953 1687 populum
972 1633 1048 1688 ff,
1078 1633 1186 1685 ctq'us
1219 1630 1355 1670 vellent
1380 1632 1453 1668 im-

130 1690 279 1742 perium
319 1691 358 1728 in
394 1691 540 1746 Africd
573 1692 648 1746 qffi’.
713 1691 851 1730 Omnes
883 1692 1042 1745 quinque
1079 1689 1131 1731 Εἴ
1151 1690 1312 1744 triginta
1332 1688 1456 1727 tribus

135 1746 186 1786 P.
220 1747 378 1802 Scipioni
401 1749 443 1787 id
461 1750 656 1802 imperium
675 1754 700 1802 †
715 1749 876 1805 decreffb.
937 1748 1085 1789 Multis
1106 1746 1454 1795 contentionibus,

137 1807 178 1847 <Sc
202 1805 244 1845 in
276 1806 416 1846 senatu
438 1808 477 1847 δι’
499 1808 549 1847 ad
589 1808 787 1861 populum
830 1806 922 1846 aeta
959 1820 1040 1857 res,
1072 1803 1277 1860 postremo
1299 1803 1350 1844 eo
1384 1805 1456 1843 de-

134 1863 261 1904 du&a
293 1865 367 1915 est,
399 1876 444 1905 ut
465 1865 619 1905 senatui
639 1865 934 1919 permitterent.
997 1864 1138 1904 Patres
1171 1863 1296 1918 igitur
1327 1862 1454 1916 jurati

136 1921 210 1975 (ita
245 1923 356 1963 enim
398 1928 659 1978 convenerat)
694 1923 955 1971 censuerunt,
989 1921 1047 1960 uti
1083 1921 1268 1961 consules
1290 1920 1453 1973 provin-

135 1979 218 2021 cias
250 1981 355 2020 inter
392 1980 430 2021 se
459 1991 755 2034 compararent,
801 1980 1103 2027 sortirenturve,
1146 1990 1237 2019 uter
1276 1978 1455 2027 Italiam,

136 2048 228 2079 uter
257 2039 414 2079 classem
445 2039 610 2078 navium
643 2038 938 2093 quinquaginta
968 2037 1148 2078 haberet.
1212 2036 1293 2077 Cui
1329 2035 1455 2076 classis

134 2169 334 2211 haudparva,
355 2175 386 2198 ut
400 2170 539 2207 arbitror,
562 2170 666 2212 acccffio
689 2170 763 2200 bom's
779 2170 858 2200 rebus
871 2168 987 2209 vestris.
1001 2167 1087 2200 infra
1104 2168 1126 2199 l.
1145 2177 1198 2207 31.
1214 2178 1242 2198 c.
1262 2175 1293 2206 7.
1319 2167 1458 2197 Adinima

135 2215 363 2256 uccffostmper
377 2216 487 2256 Epirus
505 2228 587 2256 regno
605 2217 790 2246 M1cedont'ae.
806 2215 827 2246 l.
845 2225 897 2253 45.
913 2225 940 2245 c.
958 2223 989 2252 7.
1019 2221 1082 2245 tunc
1107 2226 1208 2255 quoque
1230 2213 1334 2254 acceffi'o
1352 2213 1457 2242 Punici

135 2261 326 2300 bellifuerat.
348 2260 379 2290 8<
406 2259 496 2291 alibi.
542 2262 598 2300 (3)
623 2259 810 2302 Composita
828 2259 921 2290 verbi
934 2262 1048 2301 partiri
1074 2259 1127 2290 vel
1144 2258 1272 2289 literam
1286 2271 1303 2287 a
1317 2257 1360 2288 sex
1369 2267 1456 2292 vare.

136 2305 189 2336 vel
207 2305 273 2346 ejus
289 2304 362 2335 loco
378 2318 391 2335 e
407 2305 581 2336 adsciscere
595 2305 709 2343 solere,
732 2306 829 2336 docet
858 2303 1150 2336 Drakenborchius
1174 2303 1215 2334 ad
1243 2302 1265 2333 l.
1281 2302 1334 2340 38.
1352 2313 1380 2333 c.
1398 2302 1456 2341 36.

136 2349 234 2380 infra.
282 2349 374 2380 Mihi
405 2358 513 2381 tamen
541 2350 639 2381 satius
665 2351 836 2381 videretur
852 2351 989 2381 eandem
1010 2351 1150 2381 formam
1178 2349 1292 2380 eodem
1319 2348 1456 2378 auctore

136 2395 266 2426 edendo
287 2395 412 2436 semper
440 2394 609 2427 adhibere.
653 2396 710 2436 (4)
731 2396 897 2426 Gratulatio
913 2397 1002 2436 suffla
1023 2392 1168 2426 occurrit
1203 2393 1300 2434 supra
1317 2392 1336 2423 1.
1356 2402 1407 2431 25.
1422 2402 1451 2422 c.

138 2449 191 2479 35.
210 2439 333 2472 infral.
352 2450 406 2478 44.
433 2451 461 2472 c,
485 2449 537 2472 22.
594 2441 810 2481 (5)Omnino
839 2440 907 2482 lege
930 2442 995 2481 as.-
1012 2443 1125 2483 consue.
1172 2441 1253 2470 Sane
1277 2438 1455 2479 apparebat

137 2485 262 2517 bellum
280 2496 319 2516 eo
336 2486 470 2517 consule
490 2485 622 2518 finitum
643 2485 698 2524 iri,
726 2495 762 2517 ut
781 2497 895 2517 revera
911 2485 1039 2519 accidit.
1084 2489 1132 2517 At
1159 2483 1297 2526 gloriam
1315 2483 1458 2515 confecti

138 2540 197 2572 per
211 2529 241 2561 se
258 2530 335 2562 belli
348 2529 523 2563 affectabat
541 2531 713 2563 Lentulus

192 2605 312 2647 ToM.
335 2606 412 2647 IV.
807 2606 848 2646 Y
1226 2602 1458 2650 obvenisset,

1473 1089 1638 1120 Pro-vineit
