1834 3099
381 201 611 243 LIBER
659 198 819 241 XXVI.
856 198 1010 241 GAP.
1045 197 1185 242 XXV.

130 315 254 369 (‘Afiae
278 318 445 359 Attaius
469 322 548 374 (4),
571 318 614 359 hi
635 306 848 359 Thracum
872 319 913 359 ει
935 316 1170 373 Illyriorum
1193 317 1342 370 reges.)
1365 315 1456 356 Bel.

125 373 206 414 lum
230 385 271 416 ut
293 378 470 430 extemplo
491 379 624 419 AEtoli
644 392 727 418 cum
752 377 931 429 Philippo
962 376 1072 415 ἵει-νά
1100 383 1276 428 gererent
1365 375 1454 416 Na-

127 434 238 473 vibus
259 450 304 475 ne
338 435 463 476 minas
495 437 636 492 viginti
665 435 995 490 quinqueremibus
1015 434 1222 488 adjuvaret
1242 433 1452 475 Romanus.

130 491 293 534 Urbium
332 495 703 551 Cot-‹3·1·ae(5)tenus
743 496 789 534 ab
830 493 986 534 AEtolid
1023 492 1216 546 incipienti
1246 493 1308 547 (6)
1326 493 1452 544 solum

124 554 305 605 ΐεὲῖαᾳιιε,
327 553 379 595 [9³
396 556 498 594 muri
509 571 592 594 cum
609 555 730 608 agris,
755 552 976 594 AEtolorum
990 574 1002 598 ,·
1023 552 1100 591 alia
1117 551 1234 592 omnis
1240 550 1370 604 praeda
1385 562 1453 604 po-

116 610 204 663 puli
220 610 388 651 Romani
400 613 492 669 ‘ff't'
511 613 739 666 Darentque
753 624 899 666 operam
923 611 1106 659 Romani,
1125 618 1167 649 ut
1185 610 1452 650 Acarnaniam

122 667 253 708 AEtoli
283 669 474 712 haberent.
560 671 602 711 Si
638 671 767 712 AEtoli
787 682 919 725 pacem
940 685 1025 710 cum
1059 668 1237 722 Philippo
1253 668 1451 724 facerent,

106 726 254 782 foederi
272 729 536 783 aclfiribekent,
567 732 622 770 ita
653 739 780 770 ratam
799 732 864 783 (7)
888 743 1011 769 eorum
1050 736 1198 781 pacem,
1227 725 1271 782 fi
1301 726 1453 782 Philip-

115 795 191 838 pus
220 803 332 827 arma
373 790 418 828 ab
457 789 646 830 Romanis
662 789 855 843 sociisque,
888 788 1024 843 quique
1058 801 1184 826 eorum
1217 786 1368 826 ditionis
1399 787 1448 841 ejs-

104 845 212 898 fint,
245 846 476 904 affinuifflt.
560 848 670 897 Item,
700 847 744 902 fi
771 847 933 902 populus
965 847 1166 886 Romanus
1182 844 1450 901 foederejun-

112 913 273 956 geretur
303 908 398 960 regi,
432 915 473 946 ut
492 911 506 957 ΙΙ
528 915 694 956 caveret,
727 922 773 946 ne
798 908 866 956 jus
899 907 931 946 ei
958 905 1045 945 belli
1076 904 1266 960 inferendi
1298 903 1450 945 AEtolis

103 962 286 1020 fhciisque
321 980 444 1005 eorum
480 966 571 1022 effi’t.
651 965 757 1006 Haec
800 972 1100 1013 convenerunt,
1134 961 1447 1017 conscriptaque

117 1019 284 1062 biennio
305 1021 396 1077 post
430 1024 638 1079 Olympiae
659 1024 709 1065 ab
743 1023 911 1074 AEtolis,
930 1023 971 1063 in
989 1022 1196 1077 Capitolio
1217 1020 1267 1062 ab
1292 1022 1449 1062 Roma-

115 1081 195 1129 nis,
233 1090 279 1122 ut
315 1082 457 1123 testata
481 1083 644 1124 sacratis
677 1082 961 1123 monumentis
994 1082 1135 1130 effent,
1177 1080 1272 1121 sunt
1303 1081 1447 1135 posita.

116 1139 252 1181 Morae
275 1140 392 1181 eausa
409 1144 468 1196 (8)
486 1141 650 1182 fuerant
683 1142 834 1183 retenti
857 1142 1008 1182 Romae
1032 1140 1191 1181 diutius
1214 1140 1337 1194 legati
1368 1139 1447 1180 AE-

117 1200 310 1241 rolorum.
374 1199 465 1241 Nec
504 1212 642 1241 tamen
684 1201 982 1256 impedimento
1020 1199 1061 1240 id
1095 1197 1219 1240 rebus
1255 1198 1446 1254 gerendis

116 1255 209 1298 fuit.
236 1261 278 1300 ὅτ
315 1258 449 1299 AEtoli
483 1261 695 1314 extemplo
727 1269 946 1301 moverunt
980 1255 1170 1300 adversus
1204 1256 1444 1313 Philippum
1466 1250 1672 1292 R‘sgss‘fflb

113 1375 267 1430 pinqua
290 1376 487 1418 AEtoliae:
520 1378 664 1419 urbem
699 1392 825 1418 unam
857 1378 1018 1430 eodem,
1051 1391 1133 1430 quo
1156 1374 1240 1430 ipsa
1263 1375 1336 1425 est,
1369 1390 1445 1417 no-

113 1434 226 1474 mine
262 1434 424 1484 habet3'
446 1449 536 1476 eam
561 1447 709 1492 praeter
746 1450 882 1477 arcem
915 1436 955 1476 vi
988 1435 1115 1491 cepit)
1151 1437 1193 1475 &
1238 1433 1444 1477 OEniadas

111 1492 356 1548 Nasumque
377 1495 646 1536 Acarnanum
669 1504 808 1550 captas
832 1494 983 1535 AEtolis
1003 1492 1309 1548 contribuit(9).
1345 1492 1444 1535 Phi-

110 1551 272 1607 lippum
303 1567 469 1607 quoque
491 1554 583 1596 satis
605 1554 862 1609 implicatum
885 1553 992 1594 bello
1026 1552 1204 1593 finitimo
1227 1561 1356 1603 ratus,
1389 1566 1441 1593 ne

113 1610 274 1652 Italiam
297 1612 531 1667 Poenosque
572 1616 614 1656 δι
637 1613 759 1669 paE‘m
790 1627 887 1654 curn
909 1610 1145 1661 Hannibale
1171 1610 1298 1666 poffet
1315 1610 1440 1667 respi-

112 1684 222 1721 cere,
256 1671 482 1727 Corcyram
505 1672 588 1728 ipse
611 1672 649 1713 se
678 1672 848 1727 recepit.

168 1729 310 1771 XXV.
341 1730 536 1786 Philippo
564 1731 805 1772 AEtolorum
841 1729 1025 1772 defecffio
1046 1729 1172 1771 Pellae
1201 1727 1440 1771 hibernanti

110 1793 133 1841 ss
150 1790 270 1830 allata
287 1788 358 1830 est.
377 1790 531 1849 itaque,
554 1788 649 1845 quia
667 1790 801 1846 primo
816 1804 908 1831 vere
931 1799 1120 1830 moturus
1143 1788 1371 1829 exercitum
1394 1788 1438 1830 in

110 1847 320 1890 Graeciam
356 1861 458 1900 erat,
504 1850 665 1908 Illyrios
707 1848 983 1905 finitimasque
1021 1848 1081 1890 eis
1118 1846 1239 1888 urbes
1276 1848 1436 1890 alterno

107 1995 226 2027 nempe
244 1986 344 2027 quixm
361 1987 531 2025 Romanis,
554 1995 672 2029 utpote
689 1987 747 2029 qui
774 1986 808 2018 in
827 1998 862 2019 re
879 1986 933 2018 sufi
957 1985 1052 2028 (licet
1075 1983 1312 2025 verecundius)
1351 1984 1437 2018 testi·

108 2032 259 2063 monium
287 2032 420 2063 dabant.
495 2033 552 2074 (4)
576 2036 656 2064 Erat
686 2044 741 2064 rex
760 2033 919 2076 Pergami.
949 2032 1120 2063 Thracum
1148 2031 1322 2062 Pleuratus
1352 2039 1435 2070 erat,

107 2077 300 2121 lllyriorum
318 2077 543 2109 Scerdilaedus.
606 2078 664 2119 (5)
690 2077 755 2110 Hic
778 2086 868 2116 tenus,
891 2085 1008 2117 contra
1033 2079 1135 2118 quinn
1154 2076 1298 2108 statuunt
1321 2087 1434 2118 gram·

102 2122 228 2161 matici‚
241 2122 427 2166 genitivum
445 2123 543 2155 etiam
552 2125 731 2167 singularem
749 2123 905 2156 adsciscit.
924 2124 981 2164 (ὁ)
994 2123 1045 2154 Sic
1063 2122 1161 2165 supril
1175 2122 1195 2153 l.
1209 2131 1236 2153 1.
1254 2132 1284 2154 c.
1300 2121 1328 2154 8.
1345 2125 1433 2155 locum

105 2173 154 2212 qui
182 2182 252 2200 mmc
270 2170 372 2212 fiptus
395 2171 610 2210 descendentibus
634 2173 709 2200 inter
735 2172 800 2200 duos
825 2171 898 2200 lucos
925 2170 970 2212 cst.
1047 2169 1164 2209 Neque
1192 2166 1290 2199 aliter
1314 2167 1434 2202 Graeci.

105 2215 261 2257 Thucyd.
277 2215 301 2246 l.
318 2224 344 2246 2.
356 2225 382 2246 c.
403 2213 458 2256 96.
474 2228 525 2249 τες
541 2216 697 2260 ὖπεςξαντι
714 2222 804 2255 Atym
821 2222 926 2250 Γετας.
946 2216 982 2246 E.
997 2215 1054 2256 (7)
1066 2215 1132 2246 Pro
1146 2227 1240 2244 eorum
1257 2213 1431 2256 legendum

106 2261 242 2294 videtur
259 2263 341 2301 fore.
386 2260 444 2303 (8)
469 2262 593 2303 Supple
617 2263 673 2292 [ηπ
693 2263 785 2304 sust:
806 2262 840 2291 τὸ
865 2264 948 2303 causa
964 2261 1053 2292 enim
1076 2260 1110 2291 in
1135 2259 1209 2291 casu
1227 2267 1320 2290 recto
1343 2259 1430 2291 acci-

106 2307 266 2350 piendum
289 2306 413 2337 censeo,
462 2307 572 2338 Video
598 2306 753 2348 equidem
779 2306 1041 2343 Rudimannum,
1065 2304 1121 2347 qui
1148 2305 1232 2337 bene
1260 2305 1302 2336 de
1326 2304 1430 2338 literis

106 2353 237 2387 Latinis
260 2351 392 2389 meruit,
419 2351 452 2383 in
470 2351 524 2383 suti
542 2353 632 2384 Livii
649 2351 796 2384 editione
818 2363 934 2384 vocem
955 2351 1047 2383 illam
1076 2351 1109 2382 in
1129 2351 1204 2383 casu
1224 2350 1315 2382 sexto
1337 2362 1414 2383 acce

105 2398 205 2442 piss‘e:
240 2397 333 2440 quasi
352 2398 468 2429 Livius
495 2398 769 2441 diceret,propter
799 2399 871 2429 hanc
895 2411 1004 2430 moram
1026 2396 1136 2440 legati,
1165 2397 1230 2429 διε.
1296 2397 1370 2433 Sed,
1390 2397 1426 2429 ni
1449 2402 1451 2404 ’

104 2445 214 2483 salior,
240 2443 350 2476 innuit
379 2443 487 2485 potius
510 2444 650 2481 causam,
673 2455 731 2475 cur
756 2444 821 2475 haec
844 2443 973 2475 nonnis:
996 2442 1132 2474 biennio
1154 2442 1224 2484 pest
1240 2441 1428 2485 conscripta

104 2491 138 2522 δε
154 2491 187 2522 in
206 2490 340 2534 publico
358 2489 460 2531 posita
479 2489 552 2522 fint.
571 2492 610 2523 E.
670 2490 726 2531 (9)
741 2490 816 2521 Hoc
833 2490 973 2521 verbum
989 2488 1033 2521 est
1050 2487 1150 2521 Livio
1162 2489 1326 2529 frequens,
1339 2488 1427 2520 infra

102 2537 121 2568 l.
138 2546 192 2577 31.
208 2547 234 2568 c.
261 2545 313 2576 30.
349 2537 398 2566 M
413 2538 442 2565 in
461 2549 543 2567 unam
561 2537 654 2567 urbem
670 2537 777 2577 quidem
794 2537 947 2568 contributi
961 2538 1080 2577 majores
1093 2537 1157 2578 sui.
1174 2533 1196 2566 l.
1212 2542 1269 2573 42.
1284 2544 1310 2566 c.
1325 2543 1381 2574 37.
1394 2538 1425 2566 in

102 2583 257 2618 Achaicum
275 2582 425 2616 cantributi
441 2584 593 2614 conscilium.
619 2583 650 2614 ἃ
666 2579 745 2613 alibi
769 2581 863 2625 saepe.

115 1315 287 1370 bellum,
319 1320 356 1359 δι
384 1318 577 1360 Laevinus
613 1318 880 1376 Zacynthum
914 1321 1054 1373 (parva
1087 1316 1217 1357 insula
1258 1315 1315 1357 est
1348 1331 1445 1372 pro·
1467 1297 1635 1377 ’ἔιῖῗῑζω
1648 1310 1676 1329 ‘²⁷
