1834 3099
110 217 197 263 294

108 923 245 953 Difflztor

106 972 281 1000 comitiorum

103 1015 205 1046 caud.

100 1339 143 1370 P.
159 1339 307 1370 Cornelius

101 1384 194 1426 Scipio
204 1387 306 1416 aeailis.

823 205 875 248 T.
918 204 1141 248 L1V11

333 321 383 362 L.
407 320 626 363 Cornelius
644 320 846 363 Lentulus
867 322 1054 377 pontifex
1077 321 1300 373 maximus,
1336 323 1373 363 δι
1391 321 1442 364 C.
1465 320 1658 377 Papirius.

334 380 386 420 C.
409 387 433 432 †
453 381 498 421 F.
517 380 638 421 Maso
657 381 860 435 pontifex,
895 384 936 422 ἂν
959 381 1005 421 Ρ.
1034 382 1182 422 Furius
1198 380 1342 421 Philus
1365 390 1511 437 augur,
1537 383 1574 422 &
1599 379 1651 420 C.

333 439 522 494 Papirius
542 439 591 481 L.
625 439 670 480 F.
696 440 816 480 Maso
848 444 871 492 ss
903 440 1108 480 decemvir
1129 440 1348 480 sacrorum.
1411 440 1460 480 In
1483 437 1652 480 Lentuli

334 497 472 539 locum
497 499 560 539 M.
599 498 816 539 Cornelius
839 498 1065 553 Cethegus,
1097 498 1139 537 in
1172 498 1326 552 Papirii
1347 497 1425 539 Cn.
1454 497 1652 539 Servilius

335 556 493 611 Caepio,
525 555 742 611 pontifices
764 557 924 597 suffeffi
947 557 1052 597 sunt.
1087 572 1217 612 augur
1235 567 1396 598 creatus
1415 557 1464 598 L.
1488 555 1651 612 Qincss

335 615 417 656 tius
441 616 710 666 Flamininus,
733 615 939 656 decemvir
957 615 1162 656 sacrorum
1185 616 1233 656 L.
1259 615 1477 656 Cornelius
1493 615 1653 668 Lentu-

331 675 408 715 lus.
443 675 719 715 Comitiorum
742 674 1016 715 consularium
1032 675 1119 729 jam
1153 680 1178 727 †
1209 672 1425 728 appetebat
1457 683 1648 729 tempus;

333 732 415 783 sed,
449 735 543 787 quia
567 733 749 774 consules
768 749 790 773 a
811 733 918 774 bello
941 733 1121 773 intentos
1143 735 1208 788 (1)
1229 747 1397 773 avocare
1413 746 1497 773 non
1515 733 1651 786 place-

331 791 416 843 bat,
447 792 514 833 Ti.
553 792 822 845 Sempronius
845 791 986 832 consul
1021 791 1284 832 comitiorum
1323 789 1444 832 causa
1472 790 1651 831 dietate-

329 865 417 890 rem
441 851 542 891 dixit
565 852 614 892 C.
641 851 862 891 Claudium
884 849 1159 891 Centhonem.
1193 850 1242 890 ab
1263 864 1311 890 eo
1327 849 1518 906 magister
1533 847 1651 903 equi-

329 919 416 949 tum
439 910 495 949 est
515 909 650 950 &idrus
681 909 756 968 Q
771 909 939 949 Fulvius
956 909 1140 950 Flaccus.
1202 908 1397 949 DiCtator
1419 911 1482 962 (2)
1513 908 1648 963 primo

328 973 353 1021 †
393 969 589 1008 comitiali
621 968 685 1008 die
717 974 742 1020 †
763 967 915 1008 creavit·
935 967 1120 1008 consules
1139 967 1411 1026 QFulvium
1433 967 1647 1017 Flaccum,

329 1028 568 1081 magi-Atrum
585 1027 790 1080 equiturn,
824 1029 864 1067 &
883 1026 963 1080 Ap.
990 1026 1212 1067 Claudium
1232 1026 1476 1076 Pulchrum,
1494 1025 1561 1066 cui
1581 1024 1647 1065 Si-

328 1085 419 1124 cilia
441 1085 651 1139 prsvineia
683 1085 726 1123 in
754 1085 931 1139 praetura
961 1083 1108 1125 fuerat.
1171 1084 1285 1126 Tum
1306 1094 1500 1139 praetores
1521 1083 1645 1124 creati

328 1144 409 1184 Cn.
426 1144 593 1185 Fulvius
615 1144 802 1193 Flaccus,
836 1143 883 1183 C.
908 1142 1107 1183 Claudius
1127 1142 1258 1192 Nero,
1290 1143 1353 1183 M.
1371 1142 1520 1196 Junius
1542 1142 1646 1183 Sila-

328 1216 421 1251 nus,
463 1204 507 1243 P.
548 1202 764 1243 Cornelius
802 1201 927 1244 Sulla,
992 1201 1182 1242 Comitiis
1218 1201 1431 1256 perfefilis,
1466 1199 1659 1258 distatop

328 1261 563 1316 magistratu
587 1260 699 1301 abiit.
763 1259 914 1305 AEdilis
936 1261 1090 1301 curulis
1121 1259 1202 1303 fuit
1233 1274 1281 1301 eo
1315 1274 1422 1300 anno
1457 1273 1552 1300 cum
1577 1259 1641 1301 M.

328 1319 522 1360 Cornelio
556 1319 743 1374 Cethego
765 1319 810 1359 P.
833 1319 1050 1359 Cornelius
1071 1318 1227 1373 Scipio,
1248 1319 1315 1359 cui
1331 1318 1422 1374 post
1442 1317 1641 1360 Africano

326 1377 405 1418 fuit
428 1392 672 1433 cognomen.
709 1377 807 1418 huic
822 1378 978 1432 petenti
1001 1377 1236 1417 aedilitatem
1254 1392 1384 1432 quum
1404 1374 1647 1428 obsisterent·

324 1437 478 1477 tribuni
519 1437 662 1491 plebis,
694 1447 890 1491 negantes
926 1436 1127 1477 rationem
1165 1437 1253 1491 ejus
1284 1435 1516 1480 habendam
1545 1436 1640 1487 esse,

323 1494 640 1550 cluod'nondum
655 1496 705 1535 ad
727 1496 951 1548 petendum
967 1497 1030 1550 (3)
1046 1493 1228 1550 legitima
1249 1504 1345 1535 aetas
1361 1495 1481 1544 effet3
1516 1494 1558 1534 Si
1570 1510 1642 1544 me,

321 1554 473 1607 inquit,
504 1569 625 1593 omnes
649 1552 832 1608 „Quirites
853 1553 1135 1609 aedilemfacere
1164 1553 1309 1602 volunt,
1327 1553 1434 1611 satis
1453 1568 1640 1594 annorum

320 1613 444 1654 habeo.
506 1613 643 1652 Tanto
659 1612 752 1652 inde
770 1611 909 1651 favore
932 1612 981 1652 ad
1004 1611 1242 1667 suffragium
1270 1611 1486 1652 ferendum
1504 1611 1546 1651 in
1568 1612 1641 1652 tri-

321 1671 399 1714 bus
426 1670 651 1711 discursum
669 1670 725 1710 est
756 1672 833 1721 (4),
855 1679 900 1710 ut
926 1669 1080 1710 tribuni
1100 1674 1267 1725 repente
1290 1671 1453 1725 incepto
1475 1668 1640 1711 destite-

320 1730 416 1770 rint.
454 1729 641 1770 AEdilitia
660 1728 820 1784 largitio
854 1730 913 1783 (5)
947 1728 1035 1769 haec
1057 1728 1149 1769 fuit.
1182 1733 1205 1782 ‡
1227 1729 1336 1769 Ludi
1359 1729 1540 1770 Romani
1562 1744 1638 1784 pro

320 1788 518 1843 temporis
539 1788 646 1828 illius
667 1787 796 1842 copiis
827 1786 1045 1841 magnifice
1068 1786 1184 1836 faeti,
1219 1791 1258 1829 &
1295 1787 1403 1828 diem
1425 1801 1554 1829 unum
1577 1788 1639 1828 in-

321 1847 502 1896 staurati,
536 1849 577 1888 ὅτ
603 1847 739 1901 congii
755 1845 835 1886 olei
856 1846 897 1885 in
915 1845 1025 1886 vicos
1054 1846 1229 1900 singulos
1250 1846 1346 1887 dati.
1408 1846 1457 1886 L.
1481 1845 1635 1888 Villius

322 1905 540 1961 Tappulus
579 1907 619 1947 δι
658 1905 722 1946 Μ.
757 1904 998 1945 Fundanius
1033 1905 1264 1956 Fundulus,
1310 1904 1447 1946 aediles
1474 1904 1638 1959 plebeii,
1659 1937 1662 1941 ,

320 1964 478 2029 aliquot
498 1973 708 2006 matronas
739 1963 849 2020 apud
879 1964 1079 2018 populum
1102 1963 1241 2019 probri
1273 1965 1338 2020 (6)
1370 1963 1636 2063 accusarsgnt:

1438 2036 1517 2076 qua
1568 2036 1633 2062 am

367 2143 407 2174 C.
424 2151 457 2174 2.
503 2141 559 2183 (t)
576 2143 704 2183 Nempe
720 2139 754 2172 in
770 2139 966 2172 id.Fortass'e
979 2147 1090 2172 autem
1103 2139 1277 2182 legendum
1293 2141 1412 2182 eotfides
1423 2139 1496 2171 bello
1517 2143 1635 2173 intentos

323 2201 460 2225 avocare,
481 2187 588 2219 deleta
603 2185 834 2229 praepositione
848 2199 854 2217 :
882 2186 914 2216 δε
932 2186 978 2217 ita
993 2187 1129 2228 praefert
1148 2197 1231 2216 unus
1247 2185 1350 2217 codex
1363 2197 1381 2216 a
1397 2196 1497 2218 manu
1521 2186 1635 2218 secun-

320 2233 375 2267 da.
425 2233 476 2264 Sic
488 2236 565 2276 operi
577 2233 685 2276 agresti
701 2236 821 2263 intentus
838 2231 936 2272 supra
953 2231 974 2261 l.
995 2241 1022 2271 3.
1048 2242 1074 2262 c.
1094 2230 1148 2263 26.
1197 2232 1254 2272 (2)
1271 2231 1350 2262 Vid.
1365 2239 1434 2262 not.
1451 2232 1481 2263 6.
1499 2232 1540 2263 ad
1557 2242 1586 2263 c.
1606 2240 1634 2271 7.

319 2279 341 2309 1.
356 2289 408 2318 24.
432 2279 541 2321 supra.
586 2278 644 2320 (3)
657 2278 815 2309 Nondum
829 2277 962 2318 quidem
978 2276 1062 2320 leges
1079 2278 1228 2308 Annales
1244 2278 1320 2307 latae
1333 2284 1438 2315 erant,
1460 2278 1501 2308 de
1512 2276 1632 2318 quibus

320 2324 407 2356 infra
425 2325 445 2356 l.
459 2334 511 2362 40.
536 2335 561 2355 c.
576 2335 628 2362 44.
654 2323 810 2355 Ceterum
827 2333 865 2354 ex
891 2333 942 2360 eo,
965 2323 1055 2363 quod
1090 2321 1247 2364 Polybius
1273 2321 1385 2353 scribit
1412 2322 1436 2354 1.
1469 2322 1499 2354 6.
1525 2333 1557 2354 c.
1577 2332 1591 2353 1
1602 2331 1631 2362 7.

319 2370 442 2401 nemini
459 2369 581 2402 licuiffe
593 2368 815 2412 magistratum
832 2368 998 2400 urbanum
1012 2379 1138 2409 capere,
1154 2366 1210 2407 qui
1228 2368 1375 2401 nondum
1387 2368 1500 2399 decem
1516 2367 1633 2410 stipen-

319 2416 374 2447 dia
388 2415 520 2450 fecisset,
542 2415 665 2447 constat
683 2413 808 2455 aliquid
825 2414 866 2444 de
882 2414 919 2445 ez‘i
936 2423 972 2445 re
989 2412 1114 2455 legibus
1142 2419 1276 2443 cautum
1293 2411 1394 2444 fuisse.
1445 2413 1558 2455 Qum
1574 2424 1631 2445 au—

319 2468 385 2492 tem
402 2461 620 2492 adolescentes
634 2460 675 2492 ab
691 2470 780 2491 anno
797 2458 901 2490 aetatis
919 2457 995 2489 xvii.
1019 2458 1053 2490 in
1070 2457 1207 2489 militem
1227 2458 1424 2499 legerentur,
1440 2457 1561 2500 Scipio,
1573 2458 1630 2500 qui

318 2505 418 2537 tertio
429 2507 547 2538 abhinc
560 2517 647 2537 anno
659 2505 743 2536 xxiv.
758 2505 885 2537 tantum
898 2514 1001 2535 annos
1012 2512 1108 2536 natus
1125 2502 1188 2534 effe
1200 2503 1431 2534 dicetur-infra
1443 2503 1463 2534 l.
1482 2502 1532 2534 26.
1545 2514 1591 2535 c.1
1600 2504 1631 2537 8.

319 2552 468 2582 nondum
486 2552 601 2583 decem
622 2549 777 2592 stipendia
794 2549 902 2582 fecisse
919 2548 1042 2591 potuit.
1091 2548 1147 2591 (4)
1172 2547 1224 2581 Sic
1246 2545 1378 2591 discedere
1394 2547 1492 2590 supra
1510 2549 1531 2580 l.
1560 2559 1588 2589 3.
1602 2560 1630 2581 c.

320 2607 370 2628 11.
384 2598 439 2627 ubi
458 2596 532 2627 vide
554 2608 627 2638 quae
647 2604 820 2627 notantur.
867 2596 924 2635 (5)
955 2596 1114 2631 Munera,
1135 2604 1204 2634 quae
1222 2604 1283 2634 pro
1308 2603 1399 2624 more
1422 2594 1464 2625 ab
1481 2593 1627 2626 aedilibus

316 2641 491 2674 dabantur.
536 2642 592 2685 (6)
624 2642 659 2672 h.
676 2653 702 2673 c.
723 2640 847 2684 ssupri3
869 2650 935 2682 quo
945 2639 1036 2672 sensu
1047 2650 1111 2671 vox
1121 2640 1260 2682 probrum
1277 2638 1360 2681 saepe
1377 2638 1565 2683 usurpatur.
1592 2641 1629 2672 E.

1470 2685 1529 2728 (7)
1544 2684 1624 2730 vid.
1655 2721 1657 2723 ,
