1834 3099
124 125 132 131 ·
189 175 269 207 112
901 160 952 202 T.
1016 159 1234 202 LIVII

409 279 577 334 plicatio
594 278 686 320 fuit.
748 279 826 321 Per
847 279 934 320 dies
972 278 1128 333 aliquot
1164 277 1306 318 hostiae
1342 278 1518 334 majores
1547 277 1626 320 fine
1654 279 1745 320 lita-

412 339 524 379 tione
559 338 687 388 caesae,
720 337 874 394 diuque
909 352 990 378 non
1028 339 1243 392 impetrata
1267 339 1329 392 (1)
1363 351 1440 391 pax
1474 335 1631 383 Deam.
1694 339 1743 379 ln

409 398 543 453 capita
582 397 816 447 consulum,
860 397 1069 452 republicft
1106 395 1321 445 incolumi,
1352 395 1572 438 exitiabilis
1604 398 1746 451 prodi-

406 457 572 513 giorum
609 467 780 498 eventus
814 457 949 496 vertit.
1013 456 1122 496 Ludi
1152 455 1431 509 Apollinares,
1478 455 1533 511 Q.
1581 456 1743 508 Fulvio,

409 518 491 572 Ap.
537 515 714 558 Claudio
755 515 1006 566 consulibus,
1040 530 1060 555 a
1098 517 1140 555 l).
1173 513 1369 555 Cornelio
1411 514 1526 556 Sulla
1567 525 1741 570 praetore

407 574 521 618 urbis
542 572 726 631 primum
760 577 823 629 (2)
844 574 946 616 facti
968 584 1096 615 erant.
1131 573 1225 613 inde
1255 587 1400 614 omnes
1420 573 1615 630 deinceps
1637 589 1743 630 prae-

408 645 519 676 tores
540 633 686 676 urbani
708 634 919 676 fecerant:
949 636 1009 688 (3)
1033 633 1098 674 sed
1121 632 1162 672 in
1186 647 1317 672 unum
1341 647 1496 673 annum
1520 633 1742 686 vovebant,

182 694 365 736 Psstnmua,
408 694 559 749 dieque
575 694 731 735 incerta
751 692 969 734 faciebant.
1035 693 1094 732 Eo
1110 706 1216 731 anno
1234 691 1461 746 pestilentia
1483 692 1617 747 gravis
1638 693 1742 734 inci-

407 753 469 794 dit
482 754 524 794 in
546 753 691 794 urbem
709 752 905 809 agrosque
924 769 933 792 2
965 767 1058 806 quae
1091 762 1228 791 tamen
1247 751 1379 807 inagis
1401 751 1443 790 in
1465 752 1610 807 longos
1629 766 1741 792 mor-

407 811 498 862 bos,
541 811 668 867 quhm
701 812 742 852 in
781 811 1021 867 perniciales
1055 814 1135 866 (4),
1167 810 1301 850 evasit.
1366 810 1468 866 Ejus
1497 810 1738 866 pestilentiae

406 870 527 912 causa
552 874 593 913 ὅτ
631 870 906 926 supplicatum
949 884 1021 925 per
1062 870 1243 925 compita
1285 869 1367 910 totfi
1391 869 1490 910 urbe
1512 869 1588 919 est,
1622 872 1660 911 &
1685 870 1735 911 P.

406 930 594 972 Licinius
617 930 756 970 Varus
781 935 797 980 Η
825 940 977 995 praetor
1014 928 1125 970 urbis
1147 930 1280 984 legem
1317 928 1424 968 ferre
1447 929 1498 969 ad
1534 930 1737 984 populum

177 1024 204 1054 L
269 1023 298 1054 A
335 989 550 1054 11·.·j⁰ffu³’
583 999 628 1029 ut
649 988 694 1030 hi
727 988 845 1028 ludi'
836 1003 878 1028 m
899 998 1147 1043 perpetuum
1169 988 1210 1028 in
1241 987 1385 1028 statam
1408 986 1518 1028 diem
1540 1003 1738 1030 voveren-

177 1037 260 1100 „³¹22
276 1030 389 1112 ,ίῑρεζ
406 1059 489 1089 tur.
550 1047 639 1103 Ipse
661 1049 820 1103 primus
843 1047 900 1087 ita
920 1047 1046 1096 vovit,
1079 1046 1260 1101 fecitque
1279 1051 1302 1099 ἶ
1320 1056 1412 1088 ante
1435 1046 1545 1087 diem
1566 1047 1736 1088 tertium

170 1122 286 1156 petum
300 1119 374 1148 moti.
405 1106 552 1148 Nonas
573 1106 827 1166 Qinfliles.
889 1106 928 1146 Is
951 1105 1037 1146 dies
1059 1105 1208 1145 deinde
1231 1105 1408 1146 solennis
1425 1105 1620 1148 servatus.

463 1165 629 1208 XXIV.
659 1166 727 1207 De
751 1165 957 1207 Arretinis
977 1167 1016 1206 δι’
1040 1164 1152 1205 fama
1171 1164 1213 1204 in
1236 1164 1322 1206 dies
1350 1164 1530 1220 gravior,
1564 1169 1604 1208 &
1637 1181 1735 1207 cura

403 1225 585 1268 crescere
616 1225 823 1266 Patribus.
883 1224 1028 1280 Itaque
1066 1224 1115 1264 C.
1147 1223 1328 1264 Hostilio
1360 1223 1556 1278 scriptum
1578 1223 1652 1276 est,
1683 1239 1736 1266 ne

174 1279 375 1344 Asretiaiob-
404 1285 587 1326 differret
609 1284 766 1328 obfides
797 1283 849 1324 ab
883 1282 1089 1325 Arretinis
1130 1282 1341 1337 accipere:
1375 1285 1433 1333 &,
1466 1282 1534 1324 cui
1557 1285 1736 1325 traderet

164 1325 327 1402 -ζῗζὲῑῖαη
404 1343 589 1386 Romam
625 1344 906 1392 deducendos,
939 1342 989 1384 C.
1025 1342 1251 1383 Terentius
1272 1343 1407 1382 Varro
1441 1357 1536 1382 cum
1560 1343 1735 1398 imperio

403 1403 556 1454 missus.
600 1403 671 1457 qui
708 1413 755 1443 ut
787 1402 971 1453 advenit,
1021 1402 1235 1456 extemplo
1283 1400 1487 1443 Hostilius
1527 1402 1734 1458 legionem

402 1471 546 1513 unam,
577 1477 671 1517 quae
706 1472 803 1503 ante
823 1461 967 1502 urbem
989 1460 1118 1502 castra
1139 1459 1334 1511 habebat,
1372 1460 1480 1516 ligna
1514 1461 1556 1501 in
1588 1460 1757 1502 urbem*

400 1521 509 1563 ferre
538 1521 665 1578 jussit,
695 1520 960 1576 praefidiaque
993 1519 1095 1561 locis
1136 1519 1295 1560 idoneis
1319 1518 1530 1574 disposuit,
1562 1530 1652 1560 tum
1690 1521 1733 1562 in

402 1579 496 1622 foro
537 1583 601 1635 (1)
641 1580 776 1622 citatis
808 1579 1062 1621 senatoribus
1100 1578 1258 1619 obfides
1292 1578 1522 1633 imperavit.
1585 1579 1734 1639 Qum

400 1639 564 1680 senatus
585 1639 760 1680 biduum
777 1639 827 1679 ad
842 1639 1181 1679 considerandum
1205 1648 1362 1692 peteret
1380 1650 1544 1693 tempus
1562 1641 1641 1694 (2),
1662 1649 1735 1680 aut

400 1698 509 1752 ipsos
526 1699 735 1753 extemplo
755 1699 867 1747 dare,
901 1707 971 1738 aut
993 1696 1029 1738 se
1048 1697 1210 1752 postero
1233 1696 1298 1738 die
1331 1696 1565 1738 senatorum
1587 1711 1734 1740 omnes

399 1757 550 1798 liberos
572 1756 850 1812 sumpturum,
882 1756 1024 1797 edixit.
1049 1756 1143 1796 inde
1165 1766 1304 1810 portas
1325 1756 1637 1814 custodirejuffi
1659 1757 1734 1797 tri-

398 1815 499 1856 buni
523 1816 719 1866 militurn,
751 1814 1063 1871 sspraefectique
1095 1814 1272 1867 socium,
1307 1817 1343 1855 8<
1370 1815 1649 1865 centuriones,
1682 1830 1733 1856 ne

399 1876 492 1929 quis
513 1875 638 1916 noete
660 1875 761 1916 urbe
789 1874 935 1915 exiret.
998 1875 1045 1914 ld
1070 1873 1233 1930 segnius
1263 1871 1620 1929 negligentiusque
1647 1873 1734 1916 fac-

396 1945 501 1975 turn.
536 1934 690 1989 septem
727 1933 933 1989 principes
969 1931 1147 1983 senatus,
1179 1933 1417 1988 priulquam
1456 1932 1651 1974 custodiae
1689 1947 1731 1974 m

1600 2004 1734 2047 portis

185 322 246 350 Vix
254 327 359 362 protu-

184 376 264 398 rata.

443 2114 485 2146 C.
503 2122 560 2153 23.
573 2113 630 2154 (1)
652 2110 759 2155 Supra}
772 2111 794 2142 l.
810 2121 836 2142 1.
850 2122 877 2142 e.
895 2110 1060 2154 16‚paccm
1072 2112 1202 2154 predbus
1215 2113 1371 2154 expfiunt.
1388 2111 1408 2141 l.
1428 2120 1478 2149 24-
1495 2122 1524 2142 c.
1548 2121 1598 2143 11.
1615 2125 1682 2155 quae
1698 2115 1737 2143 ad

391 2168 490 2202 pacem
506 2159 597 2190 Defim
620 2160 814 2202 pertinebant.
856 2158 919 2199 (2)
945 2157 1021 2188 Vid.
1036 2157 1135 2200 supra
1155 2158 1174 2188 l.
1195 2168 1250 2196 25.
1268 2169 1294 2188 c.
1314 2167 1364 2189 12.
1411 2159 1467 2198 (3)
1493 2159 1625 2201 Qarto
1653 2166 1731 2189 ante
1757 2174 1760 2176 ·

397 2205 486 2236 hunc
516 2215 605 2237 anno
634 2204 701 2245 jam
730 2203 861 2234 senatus
878 2204 1084 2237 decreverat.
1106 2211 1142 2234 ut
1160 2202 1228 2234 ludl
1247 2203 1461 2245 Apollinares
1478 2202 1512 2234 in
1531 2211 1731 2245 perpetuum

396 2259 615 2288 voverentur,
639 2250 716 2281 teste
745 2249 816 2291 ipso
846 2248 948 2280 Livio
975 2249 998 2280 Ι.
1020 2248 1074 2280 26.
1103 2259 1134 2282 e.
1165 2250 1344 2290 23.supr51.
1394 2251 1493 2280 Nunc
1511 2249 1579 2291 lege
1605 2249 1671 2280 lata
1688 2250 1731 2280 ad

399 2296 563 2338 populum
599 2295 744 2326 sancitur
774 2303 810 2325 ut
830 2295 861 2325 δε
884 2294 919 2325 in
944 2295 1192 2336 perpetuum&
1211 2294 1245 2325 in
1277 2295 1391 2326 statam
1418 2295 1509 2326 diem
1533 2303 1729 2326 voveantur.

398 2344 455 2383 (4)
472 2341 647 2375 Lucretius
665 2341 685 2371 l.
714 2350 741 2371 Ι.
764 2351 796 2371 v.
824 2350 865 2379 45
873 2349 901 2371 2.
928 2341 1142 2383 nunquamjine
1152 2341 1311 2383 perniciali
1328 2341 1446 2384 Dffdio
1457 2343 1534 2384 potis
1559 2340 1727 2384 Cstsfjussgl'·

397 2387 497 2419 Hanc
513 2398 631 2420 vocem
645 2385 770 2418 Plinius
788 2385 822 2416 in
837 2385 919 2416 Hist.
937 2386 1013 2417 Nat.
1027 2388 1219 2427 frequenter
1238 2386 1387 2428 usurpat.

444 2435 485 2465 C.
499 2444 552 2472 24-
571 2435 628 2474 (ι)
644 2433 680 2463 In
698 2434 772 2473 flro
798 2431 892 2474 jungi
910 2431 1016 2473 potest
1036 2433 1141 2463 verbo
1165 2435 1333 2475 imperavit.
1380 2432 1442 2463 Sed
1466 2430 1566 2473 magis
1582 2431 1728 2474 placeret

396 2481 425 2508 in
444 2481 560 2520 fitam,
584 2487 620 2510 ut
650 2477 763 2519 paullo
782 2478 863 2519 pisti,
885 2479 1094 2520 quum-senatus
1116 2480 1257 2520 infor-um
1285 2481 1373 2508 citari
1388 2486 1486 2520 ceptus
1499 2479 1574 2520 ψη
1619 2477 1728 2518 διιρῐᾶ

396 2523 418 2553 l·
441 2534 467 2555 1.
479 2524 568 2563 (248.
614 2525 724 2554 Patres
738 2526 767 2553 in
784 2525 890 2554 curiam
903 2524 1088 2566 citarijnfft.
1121 2525 1179 2565 (2)
1192 2523 1253 2555 vel
1269 2524 1416 2555 abundat
1429 2523 1463 2554 -τὸ
1472 2529 1590 2564 tempus,
1612 2532 1727 2563 quem-

396 2569 577 2602 admodum
595 2584 629 2603 eo
643 2570 743 2600 mlier
772 2569 863 2610 apud
878 2570 958 2600 Ter.
980 2569 1014 2599 in
1032 2569 1200 2600 locutione
1223 2571 1312 2600 vidua
1329 2572 1452 2604 mulin-,-
1479 2569 1620 2609 (Heaut.
1636 2577 1668 2607 5.
1699 2578 1728 2599 1.

399 2614 442 2646 8²
463 2622 473 2655 )
506 2616 559 2647 vel
586 2617 698 2649 biduum
725 2622 831 2657 temp-s
853 2625 915 2657 pro
933 2616 1024 2660 *bidui
1049 2614 1290 2657 accipiendum.
1312 2614 1594 2655 quemadmodum
1612 2616 1625 2655 Η
1645 2621 1728 2645 term

1629 2660 1728 2691 Italia
