1834 3099
356 172 602 215 LIBER
642 170 802 214 XXIV.
848 170 1016 213 CAP.
1061 169 1198 213 XLII.
1239 170 1242 171 ⁷

123 289 229 338 tul-0,
259 288 354 329 urbs
371 289 580 345 Hispaniae
611 288 744 329 valida
765 301 811 327 ac
834 287 995 336 nobilis,
1031 288 1068 326 δε
1091 282 1194 326 adeo
1217 283 1435 339 conjunffla

125 347 313 388 societate
355 349 508 398 Poenis,
541 359 586 387 ut
625 361 728 388 uxor
756 347 850 385 inde
882 343 1104 386 Hannibali
1136 343 1245 393 esset,
1277 343 1326 382 ad
1348 341 1437 381 Ro-

126 419 268 449 manos
289 405 451 446 defecit.
512 404 867 460 Karthaginienses
888 402 1091 458 Illiturgin
1109 411 1345 456 oppugnare
1367 400 1438 439 ad-

125 463 221 513 orti,
251 463 347 517 quia
375 464 602 518 praefidium
629 463 684 503 ibi
707 463 946 502 Romanum
978 471 1063 501 erat
1085 459 1435 512 :videbanturque

127 521 265 575 inopia
278 537 373 562 eum
391 524 527 563 locum
551 520 725 563 maxime
747 520 1034 576 expugnaturi.
1095 518 1173 559 Cn.
1204 517 1359 570 Scipio,
1391 528 1437 555 ut

126 578 244 622 sociis
257 581 520 635 praesidioque
534 580 656 621 ferret
673 594 809 633 opem,
841 594 935 619 cum
956 578 1115 633 legione
1136 575 1323 630 expedita
1344 588 1438 627 pro-

128 636 282 688 seems,
313 640 418 679 inter
449 641 510 694 (fl)
531 639 625 680 bina
655 638 782 678 castra
812 651 904 677 cum
940 637 1087 691 magna
1116 636 1226 674 caede
1257 633 1436 672 hostium

127 695 271 743 urbem
293 697 350 737 est
371 698 580 752 ingressus,
616 699 653 737 Sc
690 695 848 751 postero
870 696 933 735 die
956 694 1168 749 eruptione
1190 691 1305 745 teque
1327 690 1438 730 felici

126 756 335 810 pugnavit.
396 755 528 810 Supra
545 755 760 795 duodecim
779 754 905 794 millia
923 753 1139 797 hominum
1161 750 1260 790 caesa
1277 749 1437 789 duobus

127 813 284 866 proeliis
304 829 313 854 ε
343 814 434 869 plus
457 814 566 853 mille
588 813 710 868 capti,
741 826 836 852 cum
859 812 924 852 sex
948 815 988 852 ἅτ
1013 810 1178 866 triginta
1195 806 1436 848 militaribus

126 870 259 924 signis.
294 872 349 911 ita
384 871 434 912 ab
464 872 638 926 Illiturgi
669 871 864 911 recessum
885 869 956 911 est.
1019 870 1182 925 Bigerra
1223 867 1317 906 inde
1340 864 1436 906 urbs

113 928 250 984 (socia
275 932 315 971 &
333 930 421 970 haec
454 930 740 970 Romanorum
772 933 874 984 erat)
896 943 917 969 a
938 925 1342 982 Karthaginiensibus
1364 938 1438 977 op-

125 987 299 1042 pugnari
314 998 449 1042 coepta
465 988 535 1029 est.
597 988 698 1028 Eam
715 987 962 1029 obfidionem
983 986 1061 1026 fine
1079 983 1300 1026 certamine
1317 983 1439 1024 adve-

125 1044 243 1085 niens
267 1045 343 1086 Cn.
379 1046 518 1100 Scipio
536 1046 664 1086 solvit.

1572 171 1651 210 281

179 1103 314 1144 XLII.
349 1105 417 1145 Ad
450 1105 655 1145 Mundam
691 1104 836 1145 exinde
872 1103 998 1145 castra
1038 1102 1195 1142 Punica
1219 1109 1361 1140 mota:
1396 1101 1435 1140 &
1461 1116 1649 1151 Tervffflm

127 1159 309 1203 Romani
329 1161 380 1203 eb
403 1163 617 1203 confestim
639 1163 763 1204 secuti
780 1163 884 1203 sunt.
947 1161 1008 1206 Ibi
1024 1161 1141 1216 {ignis
1159 1158 1315 1201 collatis
1335 1172 1437 1213 pug-
1456 1165 1591 1196 Romani.

126 1230 268 1273 natum
291 1235 363 1275 per
377 1232 551 1276 quatuor
573 1221 701 1264 ferme
722 1221 840 1261 horas
865 1236 874 1260 z
905 1220 1149 1275 egregieque
1181 1216 1439 1258 vincentibus

126 1277 328 1327 Romanis
351 1280 507 1335 signum
524 1280 704 1334 receptui
720 1280 776 1319 est
794 1281 950 1329 datum,
981 1276 1094 1334 quod
1125 1277 1203 1318 Cn.
1235 1275 1440 1330 Scipionis

125 1335 263 1376 femur
279 1340 340 1392 (Ι)
364 1340 519 1393 tragula
540 1338 750 1380 confixum
771 1348 872 1378 erat:
903 1350 1108 1392 pavorque
1131 1336 1237 1376 circa
1255 1348 1349 1374 eum
1373 1348 1441 1374 ce-

127 1407 242 1448 perat
262 1396 427 1447 milites,
446 1411 495 1436 ne
518 1396 776 1437 mortiferum
806 1396 899 1436 effet
916 1397 1076 1436 vulnus.
1109 1391 1307 1434 Ceterum
1328 1391 1440 1432 haud

124 1452 297 1493 dubium
333 1453 426 1503 fuit,
461 1455 578 1509 quin,
610 1456 680 1495 nisi
703 1470 750 1495 ea
781 1469 894 1494 mora
926 1453 1212 1500 intervenisset,
1243 1450 1370 1492 castra
1391 1463 1441 1491 eo

125 1510 191 1552 die
212 1512 367 1553 Punica
385 1513 474 1567 capi
496 1514 715 1567 potuerint.
744 1514 831 1568 jam
853 1527 935 1552 non
968 1511 1116 1552 milites
1137 1508 1283 1559 solum,
1317 1508 1380 1550 sed
1399 1522 1443 1549 e-

125 1570 307 1623 lephanti
344 1572 464 1611 etiam
487 1571 612 1626 usque
646 1574 696 1612 ad
718 1573 869 1611 vallum
892 1570 973 1611 affl
996 1579 1127 1621 erant,
1159 1569 1358 1625 superque
1379 1567 1442 1621 ip-

127 1627 167 1667 so
191 1632 252 1682 (2)
274 1644 420 1670 novern
445 1633 484 1670 δι’
505 1631 669 1685 triginta
692 1629 895 1684 ilephanti
916 1629 1007 1683 pilis
1025 1627 1189 1669 confixi.
1225 1627 1318 1668 Hoc
1337 1641 1440 1680 quo-

126 1701 206 1739 que
230 1689 374 1737 proelio
412 1690 459 1728 ad
484 1689 701 1730 duodecim
724 1688 850 1728 millia
870 1687 1087 1727 hominum
1109 1687 1302 1726 dicuntur
1324 1684 1440 1735 caesa,

125 1744 251 1800 prope
274 1746 350 1787 tria
373 1756 503 1801 capta,
536 1762 631 1788 cum
667 1747 785 1801 lignis
807 1745 1048 1786 militaribus
1071 1745 1222 1799 septem
1259 1747 1297 1785 &
1322 1743 1442 1797 quin-

126 1805 334 1856 quaginta.
399 1806 465 1846 Ad
484 1806 698 1860 Auringem
719 1806 812 1845 inde
838 1804 979 1845 urbem
1001 1804 1120 1845 Poeni
1137 1803 1326 1844 recessere
1346 1819 1357 1850 3
1384 1803 1441 1851 &,

125 1871 172 1902 ut
188 1863 336 1905 territis
357 1863 535 1912 instaret,
567 1864 727 1904 secutus
749 1864 980 1904 Romanus.
1035 1862 1097 1902 Ibi
1120 1862 1268 1902 iterum
1302 1859 1441 1914 Scipio

125 1922 314 1962 lecticula
332 1927 371 1963 in
389 1923 516 1963 aciem
535 1923 668 1962 illatus
691 1922 873 1962 conflixit
892 1938 902 1962 :
933 1935 1008 1961 nec
1025 1920 1148 1961 dubia
1161 1919 1330 1960 vicioria
1345 1917 1438 1967 fuit;

125 1980 261 2020 minus
277 1991 412 2021 tamen
434 1980 603 2020 dimidio
622 1974 817 2030 hostiurn,
848 1979 972 2034 quam
994 1989 1126 2028 antea,
1158 1979 1251 2032 quia
1273 1977 1440 2033 paucio-

125 2051 189 2078 res
206 2038 500 2093 superfuerant,
516 2040 586 2092 qui
607 2049 851 2094 pugnarent,
865 2038 1058 2080 occisum.
1077 2037 1158 2079 Sed
1173 2051 1272 2093 gens
1288 2039 1348 2090 (3)
1368 2050 1441 2075 na-

115 2105 166 2143 rta
188 2097 455 2141 instaurandis
477 2097 786 2154 reparandisque
807 2097 938 2148 bellis,
969 2097 1152 2153 Magone
1174 2097 1223 2136 ad
1240 2093 1442 2162 conquisi-

1284 2166 1440 2193 nonem

126 2302 169 2333 pe
187 2290 219 2322 &-
236 2290 375 2323 Romani
393 2291 452 2322 sub
477 2293 538 2323 Cn.
557 2289 719 2332 Scipione,
746 2292 778 2322 &
794 2290 1010 2323 Hasdrubalis
1026 2289 1196 2322 exercitus.
1221 2291 1260 2322 E.
1276 2290 1331 2331 (8)
1346 2288 1440 2321 Nim-

125 2336 213 2368 irum
226 2336 511 2378 Karthaginienses
527 2336 612 2367 binis
627 2336 736 2367 castris
752 2336 1024 2368 circumsidebant
1043 2336 1168 2368 urbem.
1214 2337 1276 2366 Per
1292 2335 1436 2377 spatium

125 2380 213 2416 inter
229 2382 306 2413 bina
323 2382 378 2415 illa
400 2381 500 2413 castra
515 2381 724 2422 interjeelum
741 2381 897 2423 ingreffus
914 2383 958 2414 est
975 2381 1092 2413 urbem
1108 2380 1226 2423 Scipio.
1244 2381 1307 2423 [lta
1324 2380 1440 2412 Crevi-

126 2426 222 2458 erius.
246 2428 300 2458 sed
318 2428 434 2458 dubito
452 2438 562 2458 annon
580 2427 690 2468 potius
706 2426 918 2469 intelligenda
932 2428 993 2459 sint
1017 2428 1083 2458 bina
1098 2427 1207 2467 castra,
1225 2426 1302 2458 hinc
1325 2427 1361 2458 P.
1373 2425 1440 2458 Sci-

128 2471 247 2515 pionis,
271 2472 361 2504 illinc
380 2472 603 2504 Hasdrubalis.
626 2472 681 2514 E.]
1128 2513 1130 2515 Ι

174 2520 210 2550 C.
236 2527 287 2556 42.
338 2520 394 2559 (1)
426 2518 504 2550 Vid.
535 2525 604 2550 not.
627 2526 660 2557 5.
685 2518 727 2548 ad
762 2528 792 2549 c.
821 2527 850 2558 7.
873 2518 897 2548 l.
941 2527 990 2550 21.
1023 2515 1134 2560 supra.
1176 2517 1234 2561 (2)
1267 2519 1315 2549 Sc.
1339 2517 1440 2549 vallo.

126 2563 185 2602 (3)
208 2564 403 2606 Hispanorum
426 2567 549 2606 inquieta
580 2565 695 2606 ingenia
728 2561 809 2595 dixit
833 2562 931 2606 supra
956 2563 975 2594 l.
997 2571 1050 2595 ΞΖ.
1075 2574 1101 2594 c.
1119 2573 1175 2596 21.
1194 2565 1338 2595 Necnon
1351 2562 1439 2598 infra

118 2610 144 2643 ,1.
167 2608 216 2640 28.
239 2619 270 2640 c.
298 2618 351 2642 12.
377 2611 533 2652 Hispania,
548 2609 631 2651 quaim
647 2608 710 2640 ulla
728 2616 805 2651 pars
822 2617 979 2645 terrarum,
994 2608 1065 2640 bello
1082 2612 1240 2652 reparando
1256 2611 1351 2652 aptior
1365 2616 1440 2646 erat,

122 2656 243 2686 locorum
266 2655 453 2699 hominumque
480 2658 611 2700 ingeniis.
660 2655 770 2699 Qam
795 2662 904 2699 gentem
929 2654 1001 2688 vult
1025 2654 1153 2692 Livius,
1187 2655 1263 2688 satis
1303 2653 1438 2695 quidem

1219 2698 1429 2735 manifestum
