<?xml version="1.0" encoding="UTF-8"?>
<!DOCTYPE html PUBLIC "-//W3C//DTD XHTML 1.0 Transitional//EN"
    "http://www.w3.org/TR/xhtml1/DTD/xhtml1-transitional.dtd">
<html xmlns="http://www.w3.org/1999/xhtml" xml:lang="en" lang="en">
 <head>
  <title>
</title>
<meta http-equiv="Content-Type" content="text/html;charset=utf-8" />
  <meta name='ocr-system' content='tesseract 3.04.00' />
  <meta name='ocr-capabilities' content='ocr_page ocr_carea ocr_par ocr_line ocrx_word'/>
</head>
<body>
  <div class='ocr_page' id='page_1' title='image "./historiaeromanae02livyuoft_0663.png"; bbox 0 0 1834 3099; ppageno 0'>
   <div class='ocr_carea' id='block_1_1' title="bbox 341 130 1685 188">
    <p class='ocr_par' dir='ltr' id='par_1_1' title="bbox 341 130 1685 188">
     <span class='ocr_line' id='line_1_1' title="bbox 341 130 1685 188; baseline -0.001 -13"><span class='ocrx_word' id='word_1_1' title='bbox 341 130 595 176; x_wconf 76' lang='lat' dir='ltr'>LIBER</span> <span class='ocrx_word' id='word_1_2' title='bbox 645 132 1019 176; x_wconf 53' lang='lat' dir='ltr'>mxciii).</span> <span class='ocrx_word' id='word_1_3' title='bbox 1073 131 1256 174; x_wconf 77' lang='lat' dir='ltr'>xxxv.</span> <span class='ocrx_word' id='word_1_4' title='bbox 1605 132 1685 188; x_wconf 77' lang='lat'>265</span> 
     </span>
    </p>
   </div>
   <div class='ocr_carea' id='block_1_2' title="bbox 132 245 1698 2063">
    <p class='ocr_par' dir='ltr' id='par_1_2' title="bbox 132 245 1467 309">
     <span class='ocr_line' id='line_1_2' title="bbox 132 245 1467 309; baseline -0.004 -17"><span class='ocrx_word' id='word_1_5' title='bbox 132 250 314 306; x_wconf 79' lang='lat' dir='ltr'>vicisque</span> <span class='ocrx_word' id='word_1_6' title='bbox 336 252 596 309; x_wconf 81' lang='lat' dir='ltr'>expugnatis,</span> <span class='ocrx_word' id='word_1_7' title='bbox 627 251 706 293; x_wconf 74' lang='lat' dir='ltr'>late</span> <span class='ocrx_word' id='word_1_8' title='bbox 728 250 819 292; x_wconf 92' lang='lat' dir='ltr'>fuso</span> <span class='ocrx_word' id='word_1_9' title='bbox 851 260 1005 292; x_wconf 88' lang='lat' dir='ltr'>terrore</span> <span class='ocrx_word' id='word_1_10' title='bbox 1033 249 1145 300; x_wconf 85' lang='lat' dir='ltr'>belli,</span> <span class='ocrx_word' id='word_1_11' title='bbox 1177 248 1350 304; x_wconf 91' lang='lat' dir='ltr'>septimo</span> <span class='ocrx_word' id='word_1_12' title='bbox 1381 245 1467 300; x_wconf 88' lang='lat' dir='ltr'>die,</span> 
     </span>
    </p>

    <p class='ocr_par' dir='ltr' id='par_1_3' title="bbox 135 309 1467 366">
     <span class='ocr_line' id='line_1_3' title="bbox 135 309 1467 366; baseline -0.004 -15"><span class='ocrx_word' id='word_1_13' title='bbox 135 309 263 364; x_wconf 70' lang='lat' dir='ltr'>quam</span> <span class='ocrx_word' id='word_1_14' title='bbox 292 310 506 365; x_wconf 62' lang='lat' dir='ltr'>profectus</span> <span class='ocrx_word' id='word_1_15' title='bbox 527 321 632 364; x_wconf 89' lang='lat' dir='ltr'>erat,</span> <span class='ocrx_word' id='word_1_16' title='bbox 664 324 855 366; x_wconf 89' lang='lat' dir='ltr'>magnam</span> <span class='ocrx_word' id='word_1_17' title='bbox 873 315 896 363; x_wconf 77' lang='lat' dir='ltr'>ss</span> <span class='ocrx_word' id='word_1_18' title='bbox 916 310 998 351; x_wconf 89' lang='lat' dir='ltr'>vim</span> <span class='ocrx_word' id='word_1_19' title='bbox 1031 309 1250 350; x_wconf 89' lang='lat' dir='ltr'>hominum</span> <span class='ocrx_word' id='word_1_20' title='bbox 1275 309 1313 349; x_wconf 90' lang='lat'>&amp;</span> <span class='ocrx_word' id='word_1_21' title='bbox 1345 319 1467 363; x_wconf 90' lang='lat' dir='ltr'>peco-</span> 
     </span>
    </p>

    <p class='ocr_par' dir='ltr' id='par_1_4' title="bbox 134 366 1470 427">
     <span class='ocr_line' id='line_1_4' title="bbox 134 366 1470 427; baseline -0.003 -18"><span class='ocrx_word' id='word_1_22' title='bbox 134 370 191 410; x_wconf 80' lang='lat' dir='ltr'>ris</span> <span class='ocrx_word' id='word_1_23' title='bbox 212 371 250 410; x_wconf 89' lang='lat'>&amp;</span> <span class='ocrx_word' id='word_1_24' title='bbox 274 370 409 411; x_wconf 83' lang='lat' dir='ltr'>omnis</span> <span class='ocrx_word' id='word_1_25' title='bbox 426 371 586 427; x_wconf 87' lang='lat' dir='ltr'>generis</span> <span class='ocrx_word' id='word_1_26' title='bbox 614 371 762 425; x_wconf 81' lang='lat' dir='ltr'>praedae</span> <span class='ocrx_word' id='word_1_27' title='bbox 785 368 965 419; x_wconf 73' lang='lat' dir='ltr'>trahens,</span> <span class='ocrx_word' id='word_1_28' title='bbox 997 369 1039 409; x_wconf 88' lang='lat' dir='ltr'>in</span> <span class='ocrx_word' id='word_1_29' title='bbox 1061 367 1188 409; x_wconf 85' lang='lat' dir='ltr'>castra</span> <span class='ocrx_word' id='word_1_30' title='bbox 1209 366 1344 417; x_wconf 84' lang='lat' dir='ltr'>redit3</span> <span class='ocrx_word' id='word_1_31' title='bbox 1375 379 1470 422; x_wconf 84' lang='lat' dir='ltr'>gra-</span> 
     </span>
    </p>

    <p class='ocr_par' dir='ltr' id='par_1_5' title="bbox 134 424 1468 483">
     <span class='ocr_line' id='line_1_5' title="bbox 134 424 1468 483; baseline -0.003 -15"><span class='ocrx_word' id='word_1_32' title='bbox 134 427 284 482; x_wconf 79' lang='lat' dir='ltr'>vesque</span> <span class='ocrx_word' id='word_1_33' title='bbox 325 429 476 469; x_wconf 88' lang='lat' dir='ltr'>iterum</span> <span class='ocrx_word' id='word_1_34' title='bbox 507 429 720 470; x_wconf 87' lang='lat' dir='ltr'>hostilibus</span> <span class='ocrx_word' id='word_1_35' title='bbox 752 427 889 483; x_wconf 86' lang='lat' dir='ltr'>spoliis</span> <span class='ocrx_word' id='word_1_36' title='bbox 931 442 1055 468; x_wconf 85' lang='lat' dir='ltr'>naves</span> <span class='ocrx_word' id='word_1_37' title='bbox 1089 425 1273 470; x_wconf 86' lang='lat' dir='ltr'>dimittit.</span> <span class='ocrx_word' id='word_1_38' title='bbox 1351 424 1468 474; x_wconf 91' lang='lat' dir='ltr'>Inde,</span> 
     </span>
    </p>

    <p class='ocr_par' dir='ltr' id='par_1_6' title="bbox 134 484 1471 544">
     <span class='ocr_line' id='line_1_6' title="bbox 134 484 1471 544; baseline -0.003 -16"><span class='ocrx_word' id='word_1_39' title='bbox 134 486 287 528; x_wconf 85' lang='lat' dir='ltr'>omiffis</span> <span class='ocrx_word' id='word_1_40' title='bbox 319 488 648 544; x_wconf 86' lang='lat' dir='ltr'>expeditionibus</span> <span class='ocrx_word' id='word_1_41' title='bbox 683 487 817 541; x_wconf 87' lang='lat' dir='ltr'>parvis</span> <span class='ocrx_word' id='word_1_42' title='bbox 853 484 1293 542; x_wconf 54' lang='lat' dir='ltr'>populationibusque,</span> <span class='ocrx_word' id='word_1_43' title='bbox 1314 485 1365 525; x_wconf 93' lang='lat' dir='ltr'>ad</span> <span class='ocrx_word' id='word_1_44' title='bbox 1395 497 1471 538; x_wconf 91' lang='lat' dir='ltr'>op-</span> 
     </span>
    </p>

    <p class='ocr_par' dir='ltr' id='par_1_7' title="bbox 138 544 1670 610">
     <span class='ocr_line' id='line_1_7' title="bbox 138 544 1670 610; baseline -0.004 -24"><span class='ocrx_word' id='word_1_45' title='bbox 138 548 408 602; x_wconf 84' lang='lat' dir='ltr'>pugnandam</span> <span class='ocrx_word' id='word_1_46' title='bbox 445 547 618 589; x_wconf 84' lang='lat' dir='ltr'>Uticam</span> <span class='ocrx_word' id='word_1_47' title='bbox 652 559 796 587; x_wconf 88' lang='lat' dir='ltr'>omnes</span> <span class='ocrx_word' id='word_1_48' title='bbox 830 545 926 586; x_wconf 89' lang='lat' dir='ltr'>belli</span> <span class='ocrx_word' id='word_1_49' title='bbox 962 546 1067 586; x_wconf 87' lang='lat' dir='ltr'>vires</span> <span class='ocrx_word' id='word_1_50' title='bbox 1102 544 1328 586; x_wconf 83' lang='lat' dir='ltr'>convertit:</span> <span class='ocrx_word' id='word_1_51' title='bbox 1377 555 1469 583; x_wconf 87' lang='lat' dir='ltr'>eam</span> <span class='ocrx_word' id='word_1_52' title='bbox 1491 567 1604 597; x_wconf 75' lang='lat' dir='ltr'>Uticam</span> <span class='ocrx_word' id='word_1_53' title='bbox 1618 573 1670 610; x_wconf 55' lang='lat' dir='ltr'>,p-</span> 
     </span>
    </p>

    <p class='ocr_par' dir='ltr' id='par_1_8' title="bbox 137 600 1606 662">
     <span class='ocr_line' id='line_1_8' title="bbox 137 600 1606 662; baseline -0.001 -17"><span class='ocrx_word' id='word_1_54' title='bbox 137 605 302 656; x_wconf 89' lang='lat' dir='ltr'>deinde‚</span> <span class='ocrx_word' id='word_1_55' title='bbox 337 607 362 647; x_wconf 87' lang='lat' dir='ltr'>fi</span> <span class='ocrx_word' id='word_1_56' title='bbox 385 606 563 662; x_wconf 85' lang='lat' dir='ltr'>cepiffet,</span> <span class='ocrx_word' id='word_1_57' title='bbox 597 608 660 661; x_wconf 83' lang='lat'>(3)</span> <span class='ocrx_word' id='word_1_58' title='bbox 682 605 817 646; x_wconf 87' lang='lat' dir='ltr'>sedern</span> <span class='ocrx_word' id='word_1_59' title='bbox 840 606 890 645; x_wconf 89' lang='lat' dir='ltr'>ad</span> <span class='ocrx_word' id='word_1_60' title='bbox 912 614 1046 646; x_wconf 86' lang='lat' dir='ltr'>cetera</span> <span class='ocrx_word' id='word_1_61' title='bbox 1066 603 1322 659; x_wconf 82' lang='lat' dir='ltr'>exsequenda</span> <span class='ocrx_word' id='word_1_62' title='bbox 1355 600 1470 642; x_wconf 86' lang='lat' dir='ltr'>habi·</span> <span class='ocrx_word' id='word_1_63' title='bbox 1486 620 1606 656; x_wconf 66' lang='lat' dir='ltr'>pugnat.</span> 
     </span>
    </p>

    <p class='ocr_par' dir='ltr' id='par_1_9' title="bbox 135 662 1472 716">
     <span class='ocr_line' id='line_1_9' title="bbox 135 662 1472 716; baseline -0.004 -11"><span class='ocrx_word' id='word_1_64' title='bbox 135 673 270 705; x_wconf 85' lang='lat' dir='ltr'>turus.</span> <span class='ocrx_word' id='word_1_65' title='bbox 327 665 467 706; x_wconf 84' lang='lat' dir='ltr'>Simul</span> <span class='ocrx_word' id='word_1_66' title='bbox 503 670 544 708; x_wconf 71' lang='grc' dir='ltr'>δε</span> <span class='ocrx_word' id='word_1_67' title='bbox 567 680 589 706; x_wconf 89' lang='lat' dir='ltr'>a</span> <span class='ocrx_word' id='word_1_68' title='bbox 613 664 730 706; x_wconf 86' lang='lat' dir='ltr'>claffe</span> <span class='ocrx_word' id='word_1_69' title='bbox 766 670 781 715; x_wconf 81' lang='grc' dir='ltr'>Η</span> <span class='ocrx_word' id='word_1_70' title='bbox 817 665 978 704; x_wconf 86' lang='lat' dir='ltr'>navales</span> <span class='ocrx_word' id='word_1_71' title='bbox 1015 662 1126 712; x_wconf 87' lang='lat' dir='ltr'>socii,</span> <span class='ocrx_word' id='word_1_72' title='bbox 1171 663 1252 716; x_wconf 68' lang='lat' dir='ltr'>qua</span> <span class='ocrx_word' id='word_1_73' title='bbox 1286 675 1336 702; x_wconf 87' lang='lat' dir='ltr'>ex</span> <span class='ocrx_word' id='word_1_74' title='bbox 1357 669 1472 715; x_wconf 86' lang='lat' dir='ltr'>parte</span> 
     </span>
    </p>

    <p class='ocr_par' dir='ltr' id='par_1_10' title="bbox 138 719 1476 776">
     <span class='ocr_line' id='line_1_10' title="bbox 138 719 1476 776; baseline -0.004 -12"><span class='ocrx_word' id='word_1_75' title='bbox 138 722 237 765; x_wconf 86' lang='lat' dir='ltr'>urbs</span> <span class='ocrx_word' id='word_1_76' title='bbox 260 724 363 764; x_wconf 90' lang='lat' dir='ltr'>mari</span> <span class='ocrx_word' id='word_1_77' title='bbox 385 730 400 776; x_wconf 80' lang='grc' dir='ltr'>Η</span> <span class='ocrx_word' id='word_1_78' title='bbox 420 724 602 774; x_wconf 86' lang='lat' dir='ltr'>alluitur,</span> <span class='ocrx_word' id='word_1_79' title='bbox 632 723 749 764; x_wconf 87' lang='lat' dir='ltr'>fimul</span> <span class='ocrx_word' id='word_1_80' title='bbox 772 725 813 764; x_wconf 82' lang='lat'>&amp;</span> <span class='ocrx_word' id='word_1_81' title='bbox 835 721 1032 763; x_wconf 85' lang='lat' dir='ltr'>terrestris</span> <span class='ocrx_word' id='word_1_82' title='bbox 1053 721 1257 764; x_wconf 79' lang='lat' dir='ltr'>exercitus</span> <span class='ocrx_word' id='word_1_83' title='bbox 1273 725 1299 774; x_wconf 92' lang='lat'>†</span> <span class='ocrx_word' id='word_1_84' title='bbox 1324 719 1374 760; x_wconf 89' lang='lat' dir='ltr'>ab</span> <span class='ocrx_word' id='word_1_85' title='bbox 1395 719 1476 759; x_wconf 90' lang='lat' dir='ltr'>im-</span> 
     </span>
    </p>

    <p class='ocr_par' dir='ltr' id='par_1_11' title="bbox 138 778 1475 838">
     <span class='ocr_line' id='line_1_11' title="bbox 138 778 1475 838; baseline -0.003 -16"><span class='ocrx_word' id='word_1_86' title='bbox 138 782 324 824; x_wconf 86' lang='lat' dir='ltr'>minente</span> <span class='ocrx_word' id='word_1_87' title='bbox 345 781 471 838; x_wconf 73' lang='lat' dir='ltr'>prope</span> <span class='ocrx_word' id='word_1_88' title='bbox 500 783 592 837; x_wconf 86' lang='lat' dir='ltr'>ipfis</span> <span class='ocrx_word' id='word_1_89' title='bbox 614 782 823 824; x_wconf 87' lang='lat' dir='ltr'>moenibus</span> <span class='ocrx_word' id='word_1_90' title='bbox 846 783 1008 822; x_wconf 90' lang='lat' dir='ltr'>tumulo</span> <span class='ocrx_word' id='word_1_91' title='bbox 1025 780 1083 822; x_wconf 91' lang='lat' dir='ltr'>est</span> <span class='ocrx_word' id='word_1_92' title='bbox 1100 781 1305 821; x_wconf 88' lang='lat' dir='ltr'>admotus.</span> <span class='ocrx_word' id='word_1_93' title='bbox 1366 778 1475 819; x_wconf 83' lang='lat' dir='ltr'>Tor-</span> 
     </span>
    </p>

    <p class='ocr_par' dir='ltr' id='par_1_12' title="bbox 138 836 1477 896">
     <span class='ocr_line' id='line_1_12' title="bbox 138 836 1477 896; baseline -0.002 -15"><span class='ocrx_word' id='word_1_94' title='bbox 138 852 279 883; x_wconf 87' lang='lat' dir='ltr'>menta</span> <span class='ocrx_word' id='word_1_95' title='bbox 316 841 608 896; x_wconf 85' lang='lat' dir='ltr'>machinasque</span> <span class='ocrx_word' id='word_1_96' title='bbox 648 845 688 884; x_wconf 84' lang='lat'>&amp;</span> <span class='ocrx_word' id='word_1_97' title='bbox 719 843 938 883; x_wconf 85' lang='lat' dir='ltr'>advexerat</span> <span class='ocrx_word' id='word_1_98' title='bbox 971 840 1127 893; x_wconf 88' lang='lat' dir='ltr'>secum,</span> <span class='ocrx_word' id='word_1_99' title='bbox 1174 841 1213 880; x_wconf 84' lang='lat'>&amp;</span> <span class='ocrx_word' id='word_1_100' title='bbox 1251 852 1303 879; x_wconf 87' lang='lat' dir='ltr'>ex</span> <span class='ocrx_word' id='word_1_101' title='bbox 1337 836 1477 879; x_wconf 62' lang='lat' dir='ltr'>Sicilia</span> 
     </span>
    </p>

    <p class='ocr_par' dir='ltr' id='par_1_13' title="bbox 139 896 1478 949">
     <span class='ocr_line' id='line_1_13' title="bbox 139 896 1478 949; baseline -0.002 -9"><span class='ocrx_word' id='word_1_102' title='bbox 139 899 253 940; x_wconf 78' lang='lat' dir='ltr'>missa</span> <span class='ocrx_word' id='word_1_103' title='bbox 275 915 372 942; x_wconf 91' lang='lat' dir='ltr'>cum</span> <span class='ocrx_word' id='word_1_104' title='bbox 393 900 693 943; x_wconf 85' lang='lat' dir='ltr'>commeatibus</span> <span class='ocrx_word' id='word_1_105' title='bbox 715 911 856 943; x_wconf 89' lang='lat' dir='ltr'>erant:</span> <span class='ocrx_word' id='word_1_106' title='bbox 894 903 931 942; x_wconf 89' lang='lat'>&amp;</span> <span class='ocrx_word' id='word_1_107' title='bbox 957 914 1063 940; x_wconf 91' lang='lat' dir='ltr'>nova</span> <span class='ocrx_word' id='word_1_108' title='bbox 1084 899 1127 939; x_wconf 93' lang='lat' dir='ltr'>in</span> <span class='ocrx_word' id='word_1_109' title='bbox 1144 896 1478 949; x_wconf 84' lang='lat' dir='ltr'>armamentario,</span> 
     </span>
    </p>

    <p class='ocr_par' dir='ltr' id='par_1_14' title="bbox 139 954 1477 1015">
     <span class='ocr_line' id='line_1_14' title="bbox 139 954 1477 1015; baseline -0.001 -16"><span class='ocrx_word' id='word_1_110' title='bbox 139 959 282 1001; x_wconf 88' lang='lat' dir='ltr'>multis</span> <span class='ocrx_word' id='word_1_111' title='bbox 300 959 445 1001; x_wconf 88' lang='lat' dir='ltr'>talium</span> <span class='ocrx_word' id='word_1_112' title='bbox 467 974 641 1015; x_wconf 87' lang='lat' dir='ltr'>operum</span> <span class='ocrx_word' id='word_1_113' title='bbox 655 960 881 1003; x_wconf 83' lang='lat' dir='ltr'>artificibus</span> <span class='ocrx_word' id='word_1_114' title='bbox 901 960 951 1000; x_wconf 93' lang='lat' dir='ltr'>de</span> <span class='ocrx_word' id='word_1_115' title='bbox 977 957 1175 1000; x_wconf 72' lang='lat' dir='ltr'>industria</span> <span class='ocrx_word' id='word_1_116' title='bbox 1191 956 1371 1006; x_wconf 76' lang='lat' dir='ltr'>inclusis,</span> <span class='ocrx_word' id='word_1_117' title='bbox 1402 954 1477 997; x_wconf 88' lang='lat' dir='ltr'>fie-</span> 
     </span>
    </p>

    <p class='ocr_par' dir='ltr' id='par_1_15' title="bbox 137 1014 1478 1074">
     <span class='ocr_line' id='line_1_15' title="bbox 137 1014 1478 1074; baseline -0.002 -16"><span class='ocrx_word' id='word_1_118' title='bbox 137 1016 251 1060; x_wconf 87' lang='lat' dir='ltr'>bant.</span> <span class='ocrx_word' id='word_1_119' title='bbox 329 1019 599 1061; x_wconf 80' lang='lat' dir='ltr'>Uticensibus</span> <span class='ocrx_word' id='word_1_120' title='bbox 621 1019 734 1060; x_wconf 68' lang='lat' dir='ltr'>tant&#39;a</span> <span class='ocrx_word' id='word_1_121' title='bbox 769 1020 951 1074; x_wconf 88' lang='lat' dir='ltr'>undique</span> <span class='ocrx_word' id='word_1_122' title='bbox 989 1019 1098 1059; x_wconf 90' lang='lat' dir='ltr'>mole</span> <span class='ocrx_word' id='word_1_123' title='bbox 1131 1014 1397 1059; x_wconf 86' lang='lat' dir='ltr'>circumsessis</span> <span class='ocrx_word' id='word_1_124' title='bbox 1430 1015 1478 1055; x_wconf 88' lang='lat' dir='ltr'>in</span> 
     </span>
    </p>

    <p class='ocr_par' dir='ltr' id='par_1_16' title="bbox 140 1073 1475 1135">
     <span class='ocr_line' id='line_1_16' title="bbox 140 1073 1475 1135; baseline -0.004 -16"><span class='ocrx_word' id='word_1_125' title='bbox 140 1076 472 1134; x_wconf 85' lang='lat' dir='ltr'>Karthaginienfi</span> <span class='ocrx_word' id='word_1_126' title='bbox 505 1080 676 1134; x_wconf 88' lang='lat' dir='ltr'>populo,</span> <span class='ocrx_word' id='word_1_127' title='bbox 708 1077 1118 1135; x_wconf 80' lang='lat' dir='ltr'>Karthaginiensibus</span> <span class='ocrx_word' id='word_1_128' title='bbox 1153 1076 1196 1116; x_wconf 89' lang='lat' dir='ltr'>in</span> <span class='ocrx_word' id='word_1_129' title='bbox 1217 1073 1475 1116; x_wconf 87' lang='lat' dir='ltr'>Hasdrubale</span> 
     </span>
    </p>

    <p class='ocr_par' dir='ltr' id='par_1_17' title="bbox 139 1133 1698 1194">
     <span class='ocr_line' id='line_1_17' title="bbox 139 1133 1698 1194; baseline -0.002 -18"><span class='ocrx_word' id='word_1_130' title='bbox 139 1136 196 1177; x_wconf 89' lang='lat' dir='ltr'>ita</span> <span class='ocrx_word' id='word_1_131' title='bbox 219 1139 298 1193; x_wconf 86' lang='lat'>(4),</span> <span class='ocrx_word' id='word_1_132' title='bbox 327 1137 353 1177; x_wconf 89' lang='lat' dir='ltr'>fi</span> <span class='ocrx_word' id='word_1_133' title='bbox 376 1137 409 1178; x_wconf 88' lang='lat' dir='ltr'>is</span> <span class='ocrx_word' id='word_1_134' title='bbox 432 1138 615 1179; x_wconf 83' lang='lat' dir='ltr'>moviffet</span> <span class='ocrx_word' id='word_1_135' title='bbox 627 1137 877 1194; x_wconf 84' lang='lat' dir='ltr'>Syphacem,</span> <span class='ocrx_word' id='word_1_136' title='bbox 910 1137 998 1192; x_wconf 90' lang='lat' dir='ltr'>spes</span> <span class='ocrx_word' id='word_1_137' title='bbox 1019 1135 1155 1177; x_wconf 87' lang='lat' dir='ltr'>omnis</span> <span class='ocrx_word' id='word_1_138' title='bbox 1170 1144 1270 1176; x_wconf 82' lang='lat' dir='ltr'>erat.</span> <span class='ocrx_word' id='word_1_139' title='bbox 1306 1133 1374 1175; x_wconf 88' lang='lat' dir='ltr'>sed</span> <span class='ocrx_word' id='word_1_140' title='bbox 1402 1134 1477 1174; x_wconf 84' lang='lat' dir='ltr'>de·</span> <span class='ocrx_word' id='word_1_141' title='bbox 1695 1181 1698 1185; x_wconf 18' lang='grc' dir='ltr'>ι</span> 
     </span>
    </p>

    <p class='ocr_par' dir='ltr' id='par_1_18' title="bbox 140 1192 1692 1252">
     <span class='ocr_line' id='line_1_18' title="bbox 140 1192 1692 1252; baseline -0.001 -16"><span class='ocrx_word' id='word_1_142' title='bbox 140 1195 286 1237; x_wconf 87' lang='lat' dir='ltr'>fiderio</span> <span class='ocrx_word' id='word_1_143' title='bbox 322 1196 599 1252; x_wconf 86' lang='lat' dir='ltr'>indigentium</span> <span class='ocrx_word' id='word_1_144' title='bbox 633 1198 776 1238; x_wconf 81' lang='lat' dir='ltr'>auxilii</span> <span class='ocrx_word' id='word_1_145' title='bbox 812 1195 968 1238; x_wconf 71' lang='lat' dir='ltr'>tardius</span> <span class='ocrx_word' id='word_1_146' title='bbox 1005 1195 1157 1237; x_wconf 62' lang='lat' dir='ltr'>cuneta</span> <span class='ocrx_word' id='word_1_147' title='bbox 1187 1192 1472 1235; x_wconf 83' lang='lat' dir='ltr'>movebantur.</span> <span class='ocrx_word' id='word_1_148' title='bbox 1495 1196 1692 1239; x_wconf 63' lang='lat' dir='ltr'>Haflirubalzs</span> 
     </span>
    </p>

    <p class='ocr_par' dir='ltr' id='par_1_19' title="bbox 139 1244 1683 1312">
     <span class='ocr_line' id='line_1_19' title="bbox 139 1244 1683 1312; baseline -0.002 -17"><span class='ocrx_word' id='word_1_149' title='bbox 139 1253 390 1306; x_wconf 89' lang='lat' dir='ltr'>Hasdrubal,</span> <span class='ocrx_word' id='word_1_150' title='bbox 421 1256 683 1297; x_wconf 66' lang='lat' dir='ltr'>intentissima</span> <span class='ocrx_word' id='word_1_151' title='bbox 707 1262 724 1308; x_wconf 75' lang='grc' dir='ltr'><strong>Π</strong></span> <span class='ocrx_word' id='word_1_152' title='bbox 749 1256 1046 1312; x_wconf 82' lang='lat' dir='ltr'>conquisitione</span> <span class='ocrx_word' id='word_1_153' title='bbox 1081 1267 1213 1309; x_wconf 93' lang='lat' dir='ltr'>quum</span> <span class='ocrx_word' id='word_1_154' title='bbox 1234 1254 1286 1294; x_wconf 88' lang='lat' dir='ltr'>ad</span> <span class='ocrx_word' id='word_1_155' title='bbox 1307 1252 1474 1309; x_wconf 89' lang='lat' dir='ltr'>triginta</span> <span class='ocrx_word' id='word_1_156' title='bbox 1497 1244 1683 1298; x_wconf 39' lang='lat' dir='ltr'>&amp;Syphaffi</span> 
     </span>
    </p>

    <p class='ocr_par' dir='ltr' id='par_1_20' title="bbox 142 1297 1672 1379">
     <span class='ocr_line' id='line_1_20' title="bbox 142 1297 1672 1379; baseline 0 -26"><span class='ocrx_word' id='word_1_157' title='bbox 142 1313 273 1355; x_wconf 88' lang='lat' dir='ltr'>millia</span> <span class='ocrx_word' id='word_1_158' title='bbox 314 1314 518 1369; x_wconf 90' lang='lat' dir='ltr'>peditum,</span> <span class='ocrx_word' id='word_1_159' title='bbox 568 1316 645 1356; x_wconf 88' lang='lat' dir='ltr'>tria</span> <span class='ocrx_word' id='word_1_160' title='bbox 680 1316 868 1371; x_wconf 86' lang='lat' dir='ltr'>equitum</span> <span class='ocrx_word' id='word_1_161' title='bbox 895 1321 910 1367; x_wconf 83' lang='grc' dir='ltr'>ΙΙ</span> <span class='ocrx_word' id='word_1_162' title='bbox 938 1314 1188 1362; x_wconf 85' lang='lat' dir='ltr'>confeciffet,</span> <span class='ocrx_word' id='word_1_163' title='bbox 1218 1326 1303 1354; x_wconf 88' lang='lat' dir='ltr'>non</span> <span class='ocrx_word' id='word_1_164' title='bbox 1335 1322 1475 1353; x_wconf 88' lang='lat' dir='ltr'>tamen</span> <span class='ocrx_word' id='word_1_165' title='bbox 1490 1297 1672 1379; x_wconf 42' lang='grc' dir='ltr'>ἕξω-ω’</span> 
     </span>
    </p>

    <p class='ocr_par' dir='ltr' id='par_1_21' title="bbox 141 1370 1478 1431">
     <span class='ocr_line' id='line_1_21' title="bbox 141 1370 1478 1431; baseline -0.001 -18"><span class='ocrx_word' id='word_1_166' title='bbox 141 1382 237 1414; x_wconf 80' lang='lat' dir='ltr'>ante</span> <span class='ocrx_word' id='word_1_167' title='bbox 254 1374 478 1415; x_wconf 88' lang='lat' dir='ltr'>adventum</span> <span class='ocrx_word' id='word_1_168' title='bbox 492 1374 694 1431; x_wconf 86' lang='lat' dir='ltr'>Syphacis</span> <span class='ocrx_word' id='word_1_169' title='bbox 715 1375 842 1416; x_wconf 86' lang='lat' dir='ltr'>castra</span> <span class='ocrx_word' id='word_1_170' title='bbox 865 1373 1036 1430; x_wconf 71' lang='lat' dir='ltr'>propius</span> <span class='ocrx_word' id='word_1_171' title='bbox 1051 1372 1210 1414; x_wconf 89' lang='lat' dir='ltr'>hostem</span> <span class='ocrx_word' id='word_1_172' title='bbox 1233 1384 1397 1413; x_wconf 88' lang='lat' dir='ltr'>movere</span> <span class='ocrx_word' id='word_1_173' title='bbox 1418 1370 1478 1412; x_wconf 87' lang='lat' dir='ltr'>est</span> 
     </span>
    </p>

    <p class='ocr_par' dir='ltr' id='par_1_22' title="bbox 142 1430 1481 1490">
     <span class='ocr_line' id='line_1_22' title="bbox 142 1430 1481 1490; baseline 0 -18"><span class='ocrx_word' id='word_1_174' title='bbox 142 1430 279 1474; x_wconf 80' lang='lat' dir='ltr'>ausus.</span> <span class='ocrx_word' id='word_1_175' title='bbox 340 1432 509 1489; x_wconf 84' lang='lat' dir='ltr'>Syphax</span> <span class='ocrx_word' id='word_1_176' title='bbox 537 1447 634 1475; x_wconf 89' lang='lat' dir='ltr'>cum</span> <span class='ocrx_word' id='word_1_177' title='bbox 652 1434 951 1490; x_wconf 87' lang='lat' dir='ltr'>quinquaginta</span> <span class='ocrx_word' id='word_1_178' title='bbox 968 1432 1150 1474; x_wconf 83' lang='lat' dir='ltr'>millibus</span> <span class='ocrx_word' id='word_1_179' title='bbox 1171 1430 1377 1486; x_wconf 89' lang='lat' dir='ltr'>peditum,</span> <span class='ocrx_word' id='word_1_180' title='bbox 1407 1431 1481 1472; x_wconf 90' lang='lat' dir='ltr'>de-</span> 
     </span>
    </p>

    <p class='ocr_par' dir='ltr' id='par_1_23' title="bbox 141 1489 1478 1548">
     <span class='ocr_line' id='line_1_23' title="bbox 141 1489 1478 1548; baseline -0.002 -16"><span class='ocrx_word' id='word_1_181' title='bbox 141 1504 235 1532; x_wconf 81' lang='lat' dir='ltr'>cem</span> <span class='ocrx_word' id='word_1_182' title='bbox 255 1492 445 1547; x_wconf 90' lang='lat' dir='ltr'>equitum</span> <span class='ocrx_word' id='word_1_183' title='bbox 459 1492 624 1534; x_wconf 86' lang='lat' dir='ltr'>advenit</span> <span class='ocrx_word' id='word_1_184' title='bbox 643 1509 652 1534; x_wconf 76' lang='grc' dir='ltr'>ε</span> <span class='ocrx_word' id='word_1_185' title='bbox 684 1492 984 1548; x_wconf 84' lang='lat' dir='ltr'>confestimque</span> <span class='ocrx_word' id='word_1_186' title='bbox 1007 1492 1130 1534; x_wconf 87' lang='lat' dir='ltr'>motis</span> <span class='ocrx_word' id='word_1_187' title='bbox 1151 1491 1200 1532; x_wconf 91' lang='lat' dir='ltr'>ab</span> <span class='ocrx_word' id='word_1_188' title='bbox 1222 1489 1478 1545; x_wconf 88' lang='lat' dir='ltr'>Karthagine</span> 
     </span>
    </p>

    <p class='ocr_par' dir='ltr' id='par_1_24' title="bbox 141 1548 1478 1607">
     <span class='ocr_line' id='line_1_24' title="bbox 141 1548 1478 1607; baseline -0.001 -17"><span class='ocrx_word' id='word_1_189' title='bbox 141 1549 302 1602; x_wconf 84' lang='lat' dir='ltr'>castris,</span> <span class='ocrx_word' id='word_1_190' title='bbox 352 1550 465 1593; x_wconf 92' lang='lat' dir='ltr'>haud</span> <span class='ocrx_word' id='word_1_191' title='bbox 502 1553 648 1607; x_wconf 88' lang='lat' dir='ltr'>procul</span> <span class='ocrx_word' id='word_1_192' title='bbox 687 1553 818 1594; x_wconf 71' lang='lat' dir='ltr'>Utica</span> <span class='ocrx_word' id='word_1_193' title='bbox 858 1548 1239 1606; x_wconf 87' lang='lat' dir='ltr'>munitionibusque</span> <span class='ocrx_word' id='word_1_194' title='bbox 1273 1549 1478 1590; x_wconf 86' lang='lat' dir='ltr'>Romanis</span> 
     </span>
    </p>

    <p class='ocr_par' dir='ltr' id='par_1_25' title="bbox 140 1607 1479 1671">
     <span class='ocr_line' id='line_1_25' title="bbox 140 1607 1479 1671; baseline -0.001 -21"><span class='ocrx_word' id='word_1_195' title='bbox 140 1608 340 1651; x_wconf 85' lang='lat' dir='ltr'>consedit.</span> <span class='ocrx_word' id='word_1_196' title='bbox 404 1610 599 1671; x_wconf 83' lang='lat' dir='ltr'>Qorum</span> <span class='ocrx_word' id='word_1_197' title='bbox 627 1611 827 1653; x_wconf 86' lang='lat' dir='ltr'>adventus</span> <span class='ocrx_word' id='word_1_198' title='bbox 849 1611 927 1653; x_wconf 88' lang='lat' dir='ltr'>hoc</span> <span class='ocrx_word' id='word_1_199' title='bbox 951 1622 1089 1652; x_wconf 84' lang='lat' dir='ltr'>tamen</span> <span class='ocrx_word' id='word_1_200' title='bbox 1111 1612 1174 1665; x_wconf 76' lang='grc' dir='ltr'>(ς)</span> <span class='ocrx_word' id='word_1_201' title='bbox 1194 1608 1396 1649; x_wconf 88' lang='lat' dir='ltr'>momenti</span> <span class='ocrx_word' id='word_1_202' title='bbox 1418 1607 1479 1649; x_wconf 87' lang='lat' dir='ltr'>fe·-</span> 
     </span>
    </p>

    <p class='ocr_par' dir='ltr' id='par_1_26' title="bbox 140 1667 1478 1727">
     <span class='ocr_line' id='line_1_26' title="bbox 140 1667 1478 1727; baseline -0.001 -18"><span class='ocrx_word' id='word_1_203' title='bbox 140 1668 217 1721; x_wconf 87' lang='lat' dir='ltr'>cit,</span> <span class='ocrx_word' id='word_1_204' title='bbox 250 1679 295 1710; x_wconf 87' lang='lat' dir='ltr'>ut</span> <span class='ocrx_word' id='word_1_205' title='bbox 309 1669 466 1725; x_wconf 85' lang='lat' dir='ltr'>Scipio,</span> <span class='ocrx_word' id='word_1_206' title='bbox 499 1685 629 1726; x_wconf 89' lang='lat' dir='ltr'>quum</span> <span class='ocrx_word' id='word_1_207' title='bbox 652 1671 923 1727; x_wconf 85' lang='lat' dir='ltr'>quadraginta</span> <span class='ocrx_word' id='word_1_208' title='bbox 940 1669 1071 1711; x_wconf 84' lang='lat' dir='ltr'>ferme</span> <span class='ocrx_word' id='word_1_209' title='bbox 1094 1670 1180 1710; x_wconf 87' lang='lat' dir='ltr'>dies</span> <span class='ocrx_word' id='word_1_210' title='bbox 1200 1667 1478 1723; x_wconf 87' lang='lat' dir='ltr'>nequicquam</span> 
     </span>
    </p>

    <p class='ocr_par' dir='ltr' id='par_1_27' title="bbox 143 1727 1480 1784">
     <span class='ocr_line' id='line_1_27' title="bbox 143 1727 1480 1784; baseline -0.001 -17"><span class='ocrx_word' id='word_1_211' title='bbox 143 1728 284 1769; x_wconf 87' lang='lat' dir='ltr'>omnia</span> <span class='ocrx_word' id='word_1_212' title='bbox 305 1730 523 1784; x_wconf 87' lang='lat' dir='ltr'>experiens</span> <span class='ocrx_word' id='word_1_213' title='bbox 539 1729 751 1772; x_wconf 87' lang='lat' dir='ltr'>obsedisset</span> <span class='ocrx_word' id='word_1_214' title='bbox 772 1730 960 1779; x_wconf 90' lang='lat' dir='ltr'>Uticam,</span> <span class='ocrx_word' id='word_1_215' title='bbox 993 1728 1225 1770; x_wconf 86' lang='lat' dir='ltr'>abscederet</span> <span class='ocrx_word' id='word_1_216' title='bbox 1262 1728 1356 1767; x_wconf 89' lang='lat' dir='ltr'>inde</span> <span class='ocrx_word' id='word_1_217' title='bbox 1384 1733 1398 1778; x_wconf 86' lang='grc' dir='ltr'>ΙΙ</span> <span class='ocrx_word' id='word_1_218' title='bbox 1426 1727 1480 1767; x_wconf 89' lang='lat' dir='ltr'>ir-</span> 
     </span>
    </p>

    <p class='ocr_par' dir='ltr' id='par_1_28' title="bbox 144 1785 1479 1846">
     <span class='ocr_line' id='line_1_28' title="bbox 144 1785 1479 1846; baseline 0.001 -20"><span class='ocrx_word' id='word_1_219' title='bbox 144 1785 224 1827; x_wconf 83' lang='lat' dir='ltr'>rito</span> <span class='ocrx_word' id='word_1_220' title='bbox 251 1787 431 1844; x_wconf 89' lang='lat' dir='ltr'>incepto.</span> <span class='ocrx_word' id='word_1_221' title='bbox 459 1791 498 1831; x_wconf 85' lang='lat'>&amp;</span> <span class='ocrx_word' id='word_1_222' title='bbox 523 1790 632 1846; x_wconf 89' lang='lat' dir='ltr'>(jam</span> <span class='ocrx_word' id='word_1_223' title='bbox 654 1790 766 1830; x_wconf 89' lang='lat' dir='ltr'>enim</span> <span class='ocrx_word' id='word_1_224' title='bbox 785 1788 918 1830; x_wconf 88' lang='lat' dir='ltr'>hiems</span> <span class='ocrx_word' id='word_1_225' title='bbox 940 1788 1129 1842; x_wconf 88' lang='lat' dir='ltr'>instabat)</span> <span class='ocrx_word' id='word_1_226' title='bbox 1147 1786 1276 1828; x_wconf 86' lang='lat' dir='ltr'>castra</span> <span class='ocrx_word' id='word_1_227' title='bbox 1309 1786 1479 1827; x_wconf 85' lang='lat' dir='ltr'>hiberna</span> 
     </span>
    </p>

    <p class='ocr_par' dir='ltr' id='par_1_29' title="bbox 145 1844 1480 1906">
     <span class='ocr_line' id='line_1_29' title="bbox 145 1844 1480 1906; baseline 0.001 -21"><span class='ocrx_word' id='word_1_228' title='bbox 145 1844 198 1906; x_wconf 38' lang='lat' dir='ltr'>in·</span> <span class='ocrx_word' id='word_1_229' title='bbox 210 1847 512 1901; x_wconf 86' lang='lat' dir='ltr'>promontorio,</span> <span class='ocrx_word' id='word_1_230' title='bbox 544 1850 607 1903; x_wconf 93' lang='lat'>(6)</span> <span class='ocrx_word' id='word_1_231' title='bbox 623 1849 733 1903; x_wconf 88' lang='lat' dir='ltr'>quod</span> <span class='ocrx_word' id='word_1_232' title='bbox 751 1848 982 1904; x_wconf 89' lang='lat' dir='ltr'>tenuijugo</span> <span class='ocrx_word' id='word_1_233' title='bbox 1008 1846 1239 1889; x_wconf 87' lang='lat' dir='ltr'>continenti</span> <span class='ocrx_word' id='word_1_234' title='bbox 1266 1844 1480 1887; x_wconf 84' lang='lat' dir='ltr'>adhaerens</span> 
     </span>
    </p>

    <p class='ocr_par' dir='ltr' id='par_1_30' title="bbox 144 1903 1478 1962">
     <span class='ocr_line' id='line_1_30' title="bbox 144 1903 1478 1962; baseline -0.001 -18"><span class='ocrx_word' id='word_1_235' title='bbox 144 1903 186 1944; x_wconf 89' lang='lat' dir='ltr'>in</span> <span class='ocrx_word' id='word_1_236' title='bbox 208 1905 466 1960; x_wconf 79' lang='lat' dir='ltr'>aliquantum</span> <span class='ocrx_word' id='word_1_237' title='bbox 488 1908 612 1949; x_wconf 85' lang='lat' dir='ltr'>maris</span> <span class='ocrx_word' id='word_1_238' title='bbox 632 1908 808 1962; x_wconf 88' lang='lat' dir='ltr'>spatium</span> <span class='ocrx_word' id='word_1_239' title='bbox 823 1906 1074 1956; x_wconf 85' lang='lat' dir='ltr'>extenditur,</span> <span class='ocrx_word' id='word_1_240' title='bbox 1104 1904 1362 1946; x_wconf 87' lang='lat' dir='ltr'>communit:</span> <span class='ocrx_word' id='word_1_241' title='bbox 1394 1918 1478 1944; x_wconf 88' lang='lat' dir='ltr'>uno</span> 
     </span>
    </p>

    <p class='ocr_par' dir='ltr' id='par_1_31' title="bbox 146 1963 1481 2063">
     <span class='ocr_line' id='line_1_31' title="bbox 146 1963 1481 2021; baseline -0.001 -17"><span class='ocrx_word' id='word_1_242' title='bbox 146 1965 254 2005; x_wconf 81' lang='lat' dir='ltr'>vallo</span> <span class='ocrx_word' id='word_1_243' title='bbox 277 1968 341 2021; x_wconf 84' lang='lat'>(7)</span> <span class='ocrx_word' id='word_1_244' title='bbox 365 1967 405 2006; x_wconf 67' lang='grc' dir='ltr'><strong>ἃ</strong></span> <span class='ocrx_word' id='word_1_245' title='bbox 424 1966 582 2007; x_wconf 83' lang='lat' dir='ltr'>navalia</span> <span class='ocrx_word' id='word_1_246' title='bbox 604 1966 732 2008; x_wconf 88' lang='lat' dir='ltr'>castra</span> <span class='ocrx_word' id='word_1_247' title='bbox 755 1965 1032 2021; x_wconf 64' lang='lat' dir='ltr'>amplectitur.</span> <span class='ocrx_word' id='word_1_248' title='bbox 1047 1965 1152 2021; x_wconf 88' lang='lat' dir='ltr'>jugo</span> <span class='ocrx_word' id='word_1_249' title='bbox 1181 1963 1319 2004; x_wconf 89' lang='lat' dir='ltr'>medio</span> <span class='ocrx_word' id='word_1_250' title='bbox 1351 1963 1481 2019; x_wconf 81' lang='lat' dir='ltr'>legio-</span> 
     </span>
     <span class='ocr_line' id='line_1_32' title="bbox 1377 2035 1480 2063; baseline 0 0"><span class='ocrx_word' id='word_1_251' title='bbox 1377 2035 1480 2063; x_wconf 86' lang='lat' dir='ltr'>num</span> 
     </span>
    </p>
   </div>
   <div class='ocr_carea' id='block_1_3' title="bbox 1498 1652 1710 1694">
    <p class='ocr_par' dir='ltr' id='par_1_32' title="bbox 1498 1652 1710 1694">
     <span class='ocr_line' id='line_1_33' title="bbox 1498 1652 1710 1694; baseline 0 -11"><span class='ocrx_word' id='word_1_252' title='bbox 1498 1652 1520 1683; x_wconf 88' lang='lat' dir='ltr'>S</span> <span class='ocrx_word' id='word_1_253' title='bbox 1522 1654 1593 1694; x_wconf 78' lang='lat' dir='ltr'>ct&#39;pt&#39;o</span> <span class='ocrx_word' id='word_1_254' title='bbox 1608 1654 1710 1683; x_wconf 62' lang='lat' dir='ltr'>menz:</span> 
     </span>
    </p>
   </div>
   <div class='ocr_carea' id='block_1_4' title="bbox 1497 1697 1642 1730">
    <p class='ocr_par' dir='ltr' id='par_1_33' title="bbox 1497 1697 1642 1730">
     <span class='ocr_line' id='line_1_34' title="bbox 1497 1697 1642 1730; baseline -0.007 -1"><span class='ocrx_word' id='word_1_255' title='bbox 1497 1699 1532 1729; x_wconf 79' lang='lat' dir='ltr'>ab</span> <span class='ocrx_word' id='word_1_256' title='bbox 1548 1697 1642 1730; x_wconf 61' lang='lat' dir='ltr'>Utica.</span> 
     </span>
    </p>
   </div>
   <div class='ocr_carea' id='block_1_5' title="bbox 148 2141 1484 2555">
    <p class='ocr_par' dir='ltr' id='par_1_34' title="bbox 148 2141 1484 2555">
     <span class='ocr_line' id='line_1_35' title="bbox 149 2141 1476 2186; baseline -0.002 -12"><span class='ocrx_word' id='word_1_257' title='bbox 149 2142 375 2180; x_wconf 55' lang='lat' dir='ltr'>interfectum,</span> <span class='ocrx_word' id='word_1_258' title='bbox 397 2141 540 2186; x_wconf 63' lang='lat' dir='ltr'>utsupra</span> <span class='ocrx_word' id='word_1_259' title='bbox 554 2151 775 2176; x_wconf 80' lang='lat' dir='ltr'>memoratum</span> <span class='ocrx_word' id='word_1_260' title='bbox 791 2142 846 2176; x_wconf 87' lang='lat' dir='ltr'>est.</span> <span class='ocrx_word' id='word_1_261' title='bbox 891 2143 948 2186; x_wconf 89' lang='lat'>(3)</span> <span class='ocrx_word' id='word_1_262' title='bbox 963 2144 1070 2186; x_wconf 67' lang='lat' dir='ltr'>Supra</span> <span class='ocrx_word' id='word_1_263' title='bbox 1084 2141 1103 2174; x_wconf 91' lang='lat'>1.</span> <span class='ocrx_word' id='word_1_264' title='bbox 1117 2153 1148 2181; x_wconf 80' lang='grc'>4.</span> <span class='ocrx_word' id='word_1_265' title='bbox 1161 2153 1190 2174; x_wconf 87' lang='lat' dir='ltr'>c.</span> <span class='ocrx_word' id='word_1_266' title='bbox 1204 2150 1255 2182; x_wconf 84' lang='lat'>31.</span> <span class='ocrx_word' id='word_1_267' title='bbox 1276 2143 1476 2184; x_wconf 66' lang='lat' dir='ltr'>Coffidtare...</span> 
     </span>
     <span class='ocr_line' id='line_1_36' title="bbox 152 2187 1481 2234; baseline 0 -15"><span class='ocrx_word' id='word_1_268' title='bbox 152 2190 249 2232; x_wconf 61' lang='lat' dir='ltr'><em>quos‚</em></span> <span class='ocrx_word' id='word_1_269' title='bbox 269 2202 306 2219; x_wconf 83' lang='lat' dir='ltr'>an</span> <span class='ocrx_word' id='word_1_270' title='bbox 325 2190 457 2228; x_wconf 73' lang='lat' dir='ltr'>Fidenas,</span> <span class='ocrx_word' id='word_1_271' title='bbox 467 2192 563 2231; x_wconf 82' lang='lat' dir='ltr'>sedem</span> <span class='ocrx_word' id='word_1_272' title='bbox 578 2191 647 2222; x_wconf 82' lang='lat' dir='ltr'>belli</span> <span class='ocrx_word' id='word_1_273' title='bbox 658 2197 800 2234; x_wconf 74' lang='lat' dir='ltr'>caperent.</span> <span class='ocrx_word' id='word_1_274' title='bbox 846 2191 903 2231; x_wconf 83' lang='lat'>(4)</span> <span class='ocrx_word' id='word_1_275' title='bbox 920 2190 1031 2221; x_wconf 79' lang='lat' dir='ltr'>Modo</span> <span class='ocrx_word' id='word_1_276' title='bbox 1048 2197 1158 2221; x_wconf 89' lang='lat' dir='ltr'>tamen</span> <span class='ocrx_word' id='word_1_277' title='bbox 1175 2187 1201 2219; x_wconf 73' lang='lat' dir='ltr'>is</span> <span class='ocrx_word' id='word_1_278' title='bbox 1219 2188 1402 2232; x_wconf 84' lang='lat' dir='ltr'>Syphacem</span> <span class='ocrx_word' id='word_1_279' title='bbox 1419 2187 1481 2219; x_wconf 87' lang='lat' dir='ltr'>im·</span> 
     </span>
     <span class='ocr_line' id='line_1_37' title="bbox 149 2234 1481 2279; baseline -0.002 -12"><span class='ocrx_word' id='word_1_280' title='bbox 149 2234 280 2277; x_wconf 80' lang='lat' dir='ltr'>pulifl&#39;et</span> <span class='ocrx_word' id='word_1_281' title='bbox 293 2235 336 2266; x_wconf 83' lang='lat' dir='ltr'>ad</span> <span class='ocrx_word' id='word_1_282' title='bbox 351 2234 486 2269; x_wconf 81' lang='lat' dir='ltr'>bellum.</span> <span class='ocrx_word' id='word_1_283' title='bbox 534 2237 697 2279; x_wconf 84' lang='lat' dir='ltr'>(5)Saepe</span> <span class='ocrx_word' id='word_1_284' title='bbox 728 2235 863 2278; x_wconf 88' lang='lat' dir='ltr'>quidem</span> <span class='ocrx_word' id='word_1_285' title='bbox 885 2237 1044 2268; x_wconf 86' lang='lat' dir='ltr'>reticetur</span> <span class='ocrx_word' id='word_1_286' title='bbox 1068 2234 1114 2274; x_wconf 79' lang='lat' dir='ltr'>id,</span> <span class='ocrx_word' id='word_1_287' title='bbox 1137 2234 1190 2266; x_wconf 90' lang='lat' dir='ltr'>cui</span> <span class='ocrx_word' id='word_1_288' title='bbox 1207 2234 1326 2266; x_wconf 90' lang='lat' dir='ltr'>vocula</span> <span class='ocrx_word' id='word_1_289' title='bbox 1342 2237 1361 2276; x_wconf 89' lang='lat'>†</span> <span class='ocrx_word' id='word_1_290' title='bbox 1386 2241 1481 2266; x_wconf 76' lang='lat' dir='ltr'>tamen</span> 
     </span>
     <span class='ocr_line' id='line_1_38' title="bbox 150 2279 1477 2324; baseline 0 -12"><span class='ocrx_word' id='word_1_291' title='bbox 150 2281 337 2323; x_wconf 83' lang='lat' dir='ltr'>respondet.</span> <span class='ocrx_word' id='word_1_292' title='bbox 382 2284 430 2313; x_wconf 87' lang='lat' dir='ltr'>At</span> <span class='ocrx_word' id='word_1_293' title='bbox 460 2279 516 2313; x_wconf 77' lang='lat' dir='ltr'>hic</span> <span class='ocrx_word' id='word_1_294' title='bbox 548 2282 680 2314; x_wconf 86' lang='lat' dir='ltr'>mallem</span> <span class='ocrx_word' id='word_1_295' title='bbox 711 2281 830 2324; x_wconf 88' lang='lat' dir='ltr'>legere,</span> <span class='ocrx_word' id='word_1_296' title='bbox 850 2292 929 2314; x_wconf 86' lang='lat' dir='ltr'>cum</span> <span class='ocrx_word' id='word_1_297' title='bbox 960 2280 1089 2324; x_wconf 79' lang='lat' dir='ltr'>scriptis</span> <span class='ocrx_word' id='word_1_298' title='bbox 1122 2280 1331 2322; x_wconf 87' lang='lat' dir='ltr'>quibusdam,</span> <span class='ocrx_word' id='word_1_299' title='bbox 1352 2287 1477 2312; x_wconf 79' lang='lat' dir='ltr'>tantum.</span> 
     </span>
     <span class='ocr_line' id='line_1_39' title="bbox 151 2326 1481 2370; baseline -0.001 -11"><span class='ocrx_word' id='word_1_300' title='bbox 151 2327 236 2359; x_wconf 85' lang='lat' dir='ltr'>Haec</span> <span class='ocrx_word' id='word_1_301' title='bbox 268 2326 433 2359; x_wconf 81' lang='lat' dir='ltr'>vocabula</span> <span class='ocrx_word' id='word_1_302' title='bbox 460 2326 630 2370; x_wconf 82' lang='lat' dir='ltr'>saepiffime</span> <span class='ocrx_word' id='word_1_303' title='bbox 656 2339 675 2360; x_wconf 86' lang='lat' dir='ltr'>a</span> <span class='ocrx_word' id='word_1_304' title='bbox 706 2327 820 2360; x_wconf 87' lang='lat' dir='ltr'>scribis</span> <span class='ocrx_word' id='word_1_305' title='bbox 853 2327 1013 2360; x_wconf 84' lang='lat' dir='ltr'>confundi</span> <span class='ocrx_word' id='word_1_306' title='bbox 1044 2327 1178 2358; x_wconf 81' lang='lat' dir='ltr'>constat.</span> <span class='ocrx_word' id='word_1_307' title='bbox 1223 2326 1281 2368; x_wconf 85' lang='lat'>(6)</span> <span class='ocrx_word' id='word_1_308' title='bbox 1297 2326 1481 2358; x_wconf 71' lang='lat' dir='ltr'>Adhaerens</span> 
     </span>
     <span class='ocr_line' id='line_1_40' title="bbox 150 2372 1484 2417; baseline -0.001 -12"><span class='ocrx_word' id='word_1_309' title='bbox 150 2372 339 2405; x_wconf 83' lang='lat' dir='ltr'>continenti</span> <span class='ocrx_word' id='word_1_310' title='bbox 367 2383 429 2415; x_wconf 89' lang='lat' dir='ltr'>per</span> <span class='ocrx_word' id='word_1_311' title='bbox 445 2380 545 2405; x_wconf 88' lang='lat' dir='ltr'>tenue</span> <span class='ocrx_word' id='word_1_312' title='bbox 572 2374 701 2416; x_wconf 88' lang='lat' dir='ltr'>jugum,</span> <span class='ocrx_word' id='word_1_313' title='bbox 723 2373 823 2405; x_wconf 82' lang='lat' dir='ltr'>instar</span> <span class='ocrx_word' id='word_1_314' title='bbox 849 2373 958 2405; x_wconf 81' lang='lat' dir='ltr'>isthmi</span> <span class='ocrx_word' id='word_1_315' title='bbox 982 2372 1118 2416; x_wconf 85' lang='lat' dir='ltr'>angusti.</span> <span class='ocrx_word' id='word_1_316' title='bbox 1164 2373 1319 2405; x_wconf 76' lang='lat' dir='ltr'>Ceterum</span> <span class='ocrx_word' id='word_1_317' title='bbox 1329 2373 1421 2417; x_wconf 79' lang='lat' dir='ltr'>castra</span> <span class='ocrx_word' id='word_1_318' title='bbox 1433 2373 1484 2403; x_wconf 86' lang='lat' dir='ltr'>hi-</span> 
     </span>
     <span class='ocr_line' id='line_1_41' title="bbox 148 2417 1482 2461; baseline -0.001 -11"><span class='ocrx_word' id='word_1_319' title='bbox 148 2420 237 2451; x_wconf 78' lang='lat' dir='ltr'>berna</span> <span class='ocrx_word' id='word_1_320' title='bbox 252 2427 482 2452; x_wconf 85' lang='lat' dir='ltr'>memorantur</span> <span class='ocrx_word' id='word_1_321' title='bbox 497 2419 597 2451; x_wconf 81' lang='lat' dir='ltr'>etiam</span> <span class='ocrx_word' id='word_1_322' title='bbox 625 2420 712 2452; x_wconf 73' lang='lat' dir='ltr'>infra</span> <span class='ocrx_word' id='word_1_323' title='bbox 735 2419 756 2450; x_wconf 90' lang='lat' dir='ltr'>l.</span> <span class='ocrx_word' id='word_1_324' title='bbox 785 2429 838 2460; x_wconf 86' lang='lat'>34.</span> <span class='ocrx_word' id='word_1_325' title='bbox 856 2431 885 2452; x_wconf 89' lang='lat' dir='ltr'>c·</span> <span class='ocrx_word' id='word_1_326' title='bbox 909 2430 959 2460; x_wconf 83' lang='lat'>13·</span> <span class='ocrx_word' id='word_1_327' title='bbox 1007 2419 1098 2451; x_wconf 86' lang='lat' dir='ltr'>Alibi</span> <span class='ocrx_word' id='word_1_328' title='bbox 1117 2421 1199 2450; x_wconf 82' lang='lat' dir='ltr'>ver&#39;o</span> <span class='ocrx_word' id='word_1_329' title='bbox 1215 2419 1341 2461; x_wconf 87' lang='lat' dir='ltr'>semper</span> <span class='ocrx_word' id='word_1_330' title='bbox 1360 2417 1482 2461; x_wconf 80' lang='lat' dir='ltr'>simpli·</span> 
     </span>
     <span class='ocr_line' id='line_1_42' title="bbox 148 2464 1484 2509; baseline -0.001 -11"><span class='ocrx_word' id='word_1_331' title='bbox 148 2466 234 2498; x_wconf 79' lang='lat' dir='ltr'>citer</span> <span class='ocrx_word' id='word_1_332' title='bbox 262 2466 393 2504; x_wconf 82' lang='lat' dir='ltr'>hiberna,</span> <span class='ocrx_word' id='word_1_333' title='bbox 415 2465 534 2506; x_wconf 66' lang='lat' dir='ltr'>estiva,</span> <span class='ocrx_word' id='word_1_334' title='bbox 555 2466 672 2509; x_wconf 76' lang='lat' dir='ltr'>stativa</span> <span class='ocrx_word' id='word_1_335' title='bbox 691 2465 796 2505; x_wconf 85' lang='lat' dir='ltr'>dixit;</span> <span class='ocrx_word' id='word_1_336' title='bbox 820 2466 897 2498; x_wconf 87' lang='lat' dir='ltr'>licet</span> <span class='ocrx_word' id='word_1_337' title='bbox 921 2465 989 2504; x_wconf 85' lang='lat' dir='ltr'>alii,</span> <span class='ocrx_word' id='word_1_338' title='bbox 1011 2466 1110 2497; x_wconf 87' lang='lat' dir='ltr'>etiam</span> <span class='ocrx_word' id='word_1_339' title='bbox 1132 2464 1272 2507; x_wconf 68' lang='lat' dir='ltr'>optimi,</span> <span class='ocrx_word' id='word_1_340' title='bbox 1295 2464 1484 2507; x_wconf 83' lang='lat' dir='ltr'>scriptores,</span> 
     </span>
     <span class='ocr_line' id='line_1_43' title="bbox 152 2509 1483 2555; baseline -0.002 -11"><span class='ocrx_word' id='word_1_341' title='bbox 152 2510 267 2544; x_wconf 63' lang='lat' dir='ltr'>addita</span> <span class='ocrx_word' id='word_1_342' title='bbox 283 2521 364 2543; x_wconf 83' lang='lat' dir='ltr'>voce</span> <span class='ocrx_word' id='word_1_343' title='bbox 381 2513 482 2555; x_wconf 64' lang='lat' dir='ltr'>ufir«,</span> <span class='ocrx_word' id='word_1_344' title='bbox 504 2511 601 2554; x_wconf 83' lang='lat' dir='ltr'>plene</span> <span class='ocrx_word' id='word_1_345' title='bbox 617 2512 720 2544; x_wconf 88' lang='lat' dir='ltr'>locuti</span> <span class='ocrx_word' id='word_1_346' title='bbox 748 2511 818 2543; x_wconf 89' lang='lat' dir='ltr'>fint.</span> <span class='ocrx_word' id='word_1_347' title='bbox 866 2513 974 2544; x_wconf 88' lang='lat' dir='ltr'>Locus</span> <span class='ocrx_word' id='word_1_348' title='bbox 1001 2519 1111 2543; x_wconf 87' lang='lat' dir='ltr'>autem</span> <span class='ocrx_word' id='word_1_349' title='bbox 1129 2511 1193 2548; x_wconf 85' lang='lat' dir='ltr'>hic,</span> <span class='ocrx_word' id='word_1_350' title='bbox 1217 2521 1286 2552; x_wconf 89' lang='lat' dir='ltr'>quo</span> <span class='ocrx_word' id='word_1_351' title='bbox 1303 2509 1413 2553; x_wconf 87' lang='lat' dir='ltr'>Scipio</span> <span class='ocrx_word' id='word_1_352' title='bbox 1430 2510 1483 2542; x_wconf 85' lang='lat' dir='ltr'>hi-</span> 
     </span>
    </p>
   </div>
   <div class='ocr_carea' id='block_1_6' title="bbox 94 2556 1483 2598">
    <p class='ocr_par' dir='ltr' id='par_1_35' title="bbox 94 2556 1483 2598">
     <span class='ocr_line' id='line_1_44' title="bbox 94 2556 1483 2598; baseline -0.002 -8"><span class='ocrx_word' id='word_1_353' title='bbox 94 2557 96 2559; x_wconf 54' lang='grc'><strong>’</strong></span> <span class='ocrx_word' id='word_1_354' title='bbox 153 2557 258 2590; x_wconf 79' lang='lat' dir='ltr'>berna</span> <span class='ocrx_word' id='word_1_355' title='bbox 273 2557 445 2597; x_wconf 78' lang='lat' dir='ltr'>munierit,</span> <span class='ocrx_word' id='word_1_356' title='bbox 466 2557 543 2590; x_wconf 85' lang='lat' dir='ltr'>inde</span> <span class='ocrx_word' id='word_1_357' title='bbox 562 2559 707 2595; x_wconf 78' lang='lat' dir='ltr'>Cornelia,</span> <span class='ocrx_word' id='word_1_358' title='bbox 731 2557 784 2590; x_wconf 86' lang='lat' dir='ltr'>vel</span> <span class='ocrx_word' id='word_1_359' title='bbox 803 2560 972 2590; x_wconf 79' lang='lat' dir='ltr'>Corneliana</span> <span class='ocrx_word' id='word_1_360' title='bbox 984 2557 1082 2598; x_wconf 84' lang='lat' dir='ltr'>castra</span> <span class='ocrx_word' id='word_1_361' title='bbox 1100 2566 1237 2589; x_wconf 86' lang='lat' dir='ltr'>vocatus</span> <span class='ocrx_word' id='word_1_362' title='bbox 1253 2556 1309 2590; x_wconf 86' lang='lat' dir='ltr'>est.</span> <span class='ocrx_word' id='word_1_363' title='bbox 1336 2557 1390 2598; x_wconf 85' lang='lat'>(7)</span> <span class='ocrx_word' id='word_1_364' title='bbox 1405 2556 1483 2588; x_wconf 83' lang='lat' dir='ltr'>Cas-</span> 
     </span>
    </p>
   </div>
   <div class='ocr_carea' id='block_1_7' title="bbox 153 2601 1496 2681">
    <p class='ocr_par' dir='ltr' id='par_1_36' title="bbox 153 2601 1496 2681">
     <span class='ocr_line' id='line_1_45' title="bbox 153 2601 1496 2680; baseline -0.004 -43"><span class='ocrx_word' id='word_1_365' title='bbox 153 2611 208 2640; x_wconf 62' lang='lat' dir='ltr'>tra</span> <span class='ocrx_word' id='word_1_366' title='bbox 225 2603 356 2639; x_wconf 69' lang='lat' dir='ltr'>navalia</span> <span class='ocrx_word' id='word_1_367' title='bbox 379 2613 516 2649; x_wconf 77' lang='lat' dir='ltr'>quoque</span> <span class='ocrx_word' id='word_1_368' title='bbox 542 2604 661 2638; x_wconf 78' lang='lat' dir='ltr'>eodem</span> <span class='ocrx_word' id='word_1_369' title='bbox 672 2603 761 2638; x_wconf 79' lang='lat' dir='ltr'>vallo</span> <span class='ocrx_word' id='word_1_370' title='bbox 783 2604 1006 2656; x_wconf 81' lang='lat' dir='ltr'>amplectitur,</span> <span class='ocrx_word' id='word_1_371' title='bbox 1031 2613 1100 2648; x_wconf 84' lang='lat' dir='ltr'>quo</span> <span class='ocrx_word' id='word_1_372' title='bbox 1127 2603 1169 2636; x_wconf 83' lang='lat' dir='ltr'>sc.</span> <span class='ocrx_word' id='word_1_373' title='bbox 1186 2601 1356 2648; x_wconf 76' lang='lat' dir='ltr'>amplexus</span> <span class='ocrx_word' id='word_1_374' title='bbox 1364 2601 1413 2680; x_wconf 58' lang='lat' dir='ltr'>{st</span> <span class='ocrx_word' id='word_1_375' title='bbox 1428 2602 1496 2633; x_wconf 52' lang='lat' dir='ltr'>hia</span> 
     </span>
     <span class='ocr_line' id='line_1_46' title="bbox 1388 2658 1479 2681; baseline 0 0"><span class='ocrx_word' id='word_1_376' title='bbox 1388 2658 1479 2681; x_wconf 68' lang='lat' dir='ltr'>erssa-</span> 
     </span>
    </p>
   </div>
  </div>
 </body>
</html>
