1834 3099
411 175 449 219 L
466 173 485 217 1
504 178 536 220 Β
554 175 587 218 Ε
604 173 645 217 R
686 169 847 218 XXIV.
880 175 916 217 C
941 174 976 217 A
992 175 1039 217 P.
1072 173 1251 219 XLVII.

177 291 361 349 largioris
383 295 574 348 procellae
591 293 798 347 strepitum
821 296 843 345 ss
862 293 1119 347 molientium
1136 304 1293 347 portam
1317 289 1483 334 exaudi}

176 349 210 392 ri
233 349 440 407 prohibuit
461 355 548 407 (3),
581 354 728 392 lentior
764 352 910 391 deinde
942 352 1216 405 aequaliorque
1244 357 1267 405 ss
1296 355 1484 393 accidens

179 411 344 450 auribus
385 425 576 466 magnam
611 421 766 465 partem
796 409 1012 449 hominum
1045 410 1201 463 sopivit.
1264 412 1481 465 Postquam

174 475 337 522 ‘portam
360 479 596 520 tenuerunt,
628 468 854 509 cornicines
891 467 932 507 in
969 468 1031 508 vit}
1064 468 1227 522 paribus
1264 468 1484 510 intervallis

179 524 386 580 dispositos
422 541 566 568 canere
595 527 756 582 jubent,
787 536 832 565 ut
872 525 1080 566 consulem
1107 523 1300 567 excirent.
1336 528 1382 567 Id
1415 527 1484 568 ubi

178 580 338 624 fa&um
371 599 420 625 ex
455 582 677 639 composito
713 585 785 633 est,
818 583 925 639 signa
961 585 1094 624 efferri
1118 585 1406 640 consuljubet,
1438 600 1484 626 ac

177 645 315 695 paullo
353 654 441 684 mte
478 644 612 684 lucem
649 656 720 697 per
752 643 963 684 effraffitam
985 652 1145 697 portam
1185 643 1328 683 urbem
1352 644 1488 700 ingre-

184 701 307 740 ditur.

239 758 418 800 XLVII.
439 759 550 800 Tum
574 760 739 800 demum
761 758 895 800 hostes
916 759 1080 800 excitati
1113 760 1220 811 sunt,
1248 761 1333 816 jam
1354 763 1392 801 ὃς
1412 761 1488 800 im·-

178 815 250 858 bre
291 818 619 871 conquiescente,
657 821 694 858 8<
737 818 965 872 propinqua
1008 820 1110 859 luce.
1172 819 1409 859 Praefidium
1444 821 1485 859 in

182 876 280 916 urbe
302 887 387 915 erat
411 875 668 925 Hannibalis,
702 877 883 930 quinque
907 877 1031 916 millia
1052 877 1178 917 ferme
1211 889 1488 918 armatorum:

184 936 224 974 8<
267 933 337 989 ipfi
381 935 529 988 Arpini
571 935 647 974 tria
691 934 816 974 millia
851 934 1067 975 hominum
1111 936 1333 976 armabant.
1416 951 1486 978 eos

181 992 334 1045 primos
354 990 491 1043 Poeni,
521 1007 571 1032 ne
604 993 701 1047 quid
732 993 780 1033 ab
812 1002 926 1048 tergo
958 993 1111 1034 fraudis
1139 994 1248 1043 esset,
1279 994 1383 1035 hosti
1415 1011 1489 1049 op-

180 1051 414 1105 posuerunt.
477 1051 709 1106 Pugnatum
733 1051 866 1106 primo
889 1052 930 1090 in
947 1053 1124 1092 tenebris
1140 1053 1396 1108 angustisque
1414 1055 1489 1093 viis

181 1109 264 1150 est:
296 1124 424 1163 quum
460 1110 642 1150 Romani
680 1124 762 1150 non
795 1110 878 1150 vias
911 1109 1088 1159 tantum,
1121 1111 1187 1150 sed
1230 1111 1338 1151 reeca
1363 1113 1487 1152 etiam

181 1169 367 1221 proxima
388 1178 532 1222 portae‚
554 1169 826 1221 occupassent,
859 1182 909 1208 ne
931 1170 1012 1222 peti
1030 1169 1201 1222 superne
1218 1184 1262 1210 ac
1285 1170 1489 1210 vulnerari

182 1226 350 1280 possent.
393 1226 561 1281 Cogniti
585 1227 688 1266 inter
708 1226 745 1266 se
769 1227 934 1280 quidam
959 1228 1188 1281 Arpinique
1214 1230 1254 1269 δε
1278 1228 1456 1268 Romani
1476 1247 1487 1277 ·,

183 1294 305 1338 atque
328 1284 422 1324 inde
444 1285 644 1338 colloquia
669 1296 803 1338 coepta
822 1285 927 1335 fieri,
949 1286 1314 1340 percuntstantibus
1334 1287 1492 1327 Roma-

181 1342 264 1393 nis,
295 1343 394 1396 quid
418 1342 485 1382 fibi
509 1345 659 1382 vellent
678 1342 857 1396 Arpini?
891 1358 1014 1396 quam
1037 1344 1088 1385 ob
1110 1359 1258 1384 noxam
1278 1345 1492 1386 Romano-

181 1402 412 1454 rum,quod
432 1405 494 1454 (ῐ)
513 1411 582 1441 aut
603 1401 796 1441 meritum
816 1402 1062 1452 Poenorum,
1095 1417 1168 1456 pro
1191 1403 1428 1458 alienigenis
1444 1418 1492 1444 ac

177 1456 377 1510 barbaris,
408 1458 539 1499 Italici
562 1459 752 1499 adversus
768 1469 922 1499 veteres
949 1460 1077 1500 socios
1099 1462 1313 1501 Romanos
1338 1461 1491 1502 bellum

181 1527 383 1572 gererent,
417 1519 457 1558 δι’
500 1519 562 1571 (2)
602 1517 845 1573 ve&igalem
884 1533 931 1558 ac
982 1518 1282 1572 stipendiariam
1330 1520 1491 1560 Italiam

180 1575 338 1617 Africae
359 1575 572 1616 facerent?
607 1577 776 1631 Arpinis
798 1577 1065 1631 purgantibus
1098 1580 1173 1632 (3),
1202 1579 1364 1633 ignaros
1403 1594 1493 1619 om·-

180 1634 297 1674 nium
319 1634 357 1674 se
393 1648 544 1674 venum
581 1650 602 1674 a
636 1635 889 1690 principibus
923 1636 1039 1676 datos
1076 1635 1224 1686 Poeno,
1257 1647 1396 1692 captos
1419 1653 1492 1692 op-

136 1745 139 1748 .
181 1692 409 1751 preffosque
427 1707 448 1732 a
470 1693 610 1747 paucis
632 1694 720 1734 effe.
768 1694 891 1733 Initio
908 1704 1013 1743 orto,
1036 1695 1171 1748 plures
1193 1709 1288 1734 cum
1306 1695 1493 1750 pluribus

181 1752 376 1805 colloqui.
408 1751 614 1805 postremo
636 1761 785 1806 praetor
818 1753 1001 1806 Arpinus
1023 1752 1072 1792 ab
1110 1753 1188 1794 suis
1210 1755 1260 1793 ad
1282 1755 1490 1794 consulem

181 1810 412 1858 dedu6³ms3
466 1809 629 1864 fideque
665 1809 758 1850 data
799 1810 904 1850 inter
945 1811 1053 1865 signa
1089 1812 1290 1866 aciesque,
1341 1814 1492 1868 Arpini

180 1872 349 1923 repente)
385 1881 458 1922 pro
501 1869 702 1909 Romanis
735 1867 926 1910 adversus
962 1869 1345 1925 Karthaginiensem
1380 1887 1490 1912 arma

182 1937 404 1968 verterunt.
484 1926 657 1981 Hispani
698 1941 880 1981 quoque,
927 1929 1064 1982 paullo
1107 1929 1242 1969 minus
1278 1932 1339 1984 (4)
1380 1931 1491 1971 mille

182 1984 387 2036 homines,
419 1985 519 2026 nihil
535 1995 728 2039 praeterea
751 2000 844 2026 cum
861 1986 1025 2026 consule
1048 1987 1173 2040 padffi,
1196 1986 1320 2042 quarn
1345 1998 1388 2028 ut
1412 1989 1491 2029 siue

181 2048 207 2095 †
237 2042 379 2083 fraude
408 2043 612 2084 Punicum
647 2044 901 2084 emitteretur
934 2045 1180 2098 praesidium,
1212 2047 1262 2086 ad
1284 2046 1492 2086 consulem

182 2101 474 2141 transtulerunt
498 2103 618 2156 signa.
681 2102 1085 2158 Karthaginiensibus
1107 2114 1235 2158 portae
1256 2104 1491 2160 patefa&ae,

183 2159 389 2213 emissique
412 2173 507 2200 cum
531 2159 609 2200 fide
641 2159 867 2202 incolumes
903 2162 952 2202 ad
987 2161 1264 2203 Hannibalem
1286 2164 1490 2217 Salapiam

1277 2232 1490 2262 venerunt.

183 2336 364 2377 (2)‚1.00us
379 2337 561 2372 mendosus,
585 2336 636 2369 cui
661 2345 770 2369 tamen
789 2337 852 2368 unii
868 2348 950 2370 voce
969 2338 1159 2380 transposita
1177 2339 1390 2372 succurritur.
1429 2343 1509 2372 1.e·'

185 2394 245 2422 ge:
271 2384 311 2411 ad
333 2396 392 2412 mm
405 2385 634 2425 poa-tan1,ſs‘elis
654 2385 738 2425 prisn-
766 2384 942 2426 trmjjgrc’ffias
969 2397 1091 2422 murum,
1109 2393 1236 2428 pergere.
1281 2387 1339 2427 (3)
1362 2388 1492 2429 Nempe

185 2427 301 2458 imber.
332 2428 470 2469 Aliquot
487 2436 597 2459 tamen
630 2428 757 2459 codices
778 2430 1143 2472 praesernntfimimsque.

233 2493 273 2522 C.
293 2500 345 2529 47.
364 2492 420 2530 (1)
438 2492 482 2522 H.
498 2502 527 2523 e.
549 2499 604 2522 aut
622 2492 665 2522 ob
679 2492 768 2533 quod
792 2492 946 2523 meritum
962 2505 969 2525 :
996 2492 1050 2524 sed
1069 2493 1240 2535 legendum
1255 2493 1388 2527 videtur
1415 2507 1492 2528 cum

186 2535 381 2577 quibusdam
399 2536 526 2578 scriptis
542 2550 548 2568 :
575 2540 647 2579 quod
658 2546 748 2568 autem
763 2538 793 2567 ob
825 2540 963 2569 mersium.
1011 2540 1068 2579 (2)
1086 2539 1161 2571 Vld.
1182 2547 1251 2571 not.
1267 2550 1300 2579 5.
1326 2542 1366 2572 ad
1383 2553 1411 2573 C.
1432 2553 1487 2579 41.

186 2581 206 2610 1.
225 2591 273 2611 ax.
292 2584 399 2622 supa.
450 2583 505 2623 (3)
523 2584 618 2614 Hanc
648 2582 888 2614 excusationem
915 2583 1140 2617 afferentibus.
1167 2587 1301 2628 Purgare
1317 2587 1380 2625 hoc
1396 2588 1489 2619 sensu

186 2626 284 2657 Livio
300 2627 452 2658 sollemnis
469 2627 520 2658 cst.
538 2627 634 2669 supra
652 2628 672 2660 l.
689 2637 721 2659 ⁸1.
749 2639 777 2659 c.
799 2639 817 2670 9
844 2629 866 2661 l.
886 2628 916 2660 8.
935 2640 964 2661 c.
987 2639 1043 2668 23.
1075 2631 1106 2661 &
1123 2630 1201 2662 alibi
1218 2631 1314 2673 saepe.
1358 2634 1491 2664 Innocen-

182 2673 489 2715 tiamsuampurgare
504 2672 586 2705 dixit
600 2673 698 2715 supra
715 2673 735 2705 l.
752 2683 783 2714 9.
802 2674 900 2707 c.*26.
931 2675 987 2716 (4)
999 2675 1075 2708 Vid·
1089 2684 1161 2710 not.
1183 2686 1215 2716 7.
1240 2677 1280 2709 ad
1296 2687 1326 2711 ς’,
1344 2677 1398 2717 64.
1412 2679 1436 2711 Ῑ.
1456 2688 1488 2718 3.

1389 2723 1488 2765 supr&

1621 185 1703 234 287
