1860 3099
84 247 163 300 :96

756 250 758 253 ’
815 244 870 289 Τ.
914 241 1114 289 LIVII

306 363 430 404 etiam
447 362 498 404 {id
519 362 791 404 lacess'endum
813 363 971 405 hostem
1009 365 1170 420 proelio.
1235 364 1471 419 Erumpunt
1503 360 1633 418 igitur*

308 423 472 477 agmine
493 436 515 463 e
546 422 701 473 castriS,
743 424 1015 478 tripudiantes
1052 439 1164 464 more
1187 423 1295 472 suo;
1329 424 1627 476 repentinaque

309 494 453 521 eorum
471 481 639 521 audacia
662 492 858 522 terrorem
875 481 995 530 hosti,
1014 484 1151 536 paullo
1169 486 1262 522 ante*
1282 483 1388 522 ultro
1411 480 1631 530 lacessenti,

309 538 482 580 iucussit.
506 540 642 593 itaque
663 543 702 581 ἃ
722 539 803 606 ipse
826 540 1080 581 Hasdrubal
1074 556 1114 580 m
1150 542 1297 581 collem
1322 540 1414 580 satis
1438 541 1640 588 ἕιιτὶιιιιηιςΔΚ

310 607 448 639 tutum
485 597 653 638 flumine
692 599 816 638 etiam
849 599 1029 655 objecto,
1061 609 1149 639 tum
1179 600 1317 654 copias
1358 598 1566 649 subducit,
1590 600 1627 637 δε

311 656 551 710 praemiffam
566 657 696 697 levem
729 667 977 698 armaturam
1017 657 1255 711 equitesque
1293 658 1449 711 palatos
1484 653 1633 696 eodem

312 715 488 768 recipit:
521 729 596 755 nec
619 725 688 754 aut
700 716 794 756 colli
817 726 887 756 aut
910 715 1070 756 flumini
1086 716 1176 755 satis
1208 716 1352 764 sidens,
1376 716 1481 755 vallo
1504 714 1632 754 castr-t

313 773 535 827 permunit.
597 773 643 813 In
697 774 776 814 hoc
826 775 983 814 alterno
1024 789 1172 829 pavore
1215 774 1438 814 certamina
1477 773 1633 826 aliquot

314 831 446 885 sunt†
466 831 691 872 contracta.
728 846 803 873 nec
841 833 1026 873 Numida
1063 833 1247 887 Hispano
1278 846 1403 886 eques
1422 846 1494 886 par
1522 831 1632 878 fuit,

315 904 390 931 nec
408 891 612 947 jaculator
635 890 809 942 Maurus
831 895 1080 943 caetrato(4),
1103 891 1315 931 velocitate
1348 891 1453 945 pari,
1487 890 1634 930 robore

315 949 442 989 animi
457 949 690 1002 viriumque
713 948 970 1003 aliquantum
987 950 1204 1003 praestanti.

374 1004 560 1048 XXVII.
592 1006 815 1061 Postquam
838 1021 971 1062 neque
987 1008 1132 1048 elicere
1157 1010 1332 1048 Poenum
1356 1007 1405 1047 ad
1424 1016 1633 1047 certamen

315 1065 512 1106 obversati
544 1065 681 1106 castris
719 1077 922 1119 poterant,
965 1077 1098 1120 neque
1139 1066 1363 1106 castrorum
1379 1064 1634 1120 oppugnatio

317 1123 448 1164 facilis
468 1133 554 1164 erat
577 1139 589 1172 3
623 1123 766 1163 urbem
787 1125 980 1172 Ascuam,
1003 1122 1104 1178 quo,
1128 1124 1228 1164 fines
1245 1124 1424 1163 'nostium
1456 1122 1636 1178 ingredi-

315 1195 403 1231 ens,
425 1180 657 1222 Hasdrubal
671 1180 927 1222 frumentum
963 1182 1296 1235 commeatusque
1326 1183 1425 1222 alios
1459 1194 1637 1221 convex-

315 1250 416 1290 erat,
438 1240 478 1279 vi
498 1240 682 1295 capiunt,
713 1241 908 1294 omnique
932 1240 1040 1281 circa
1063 1254 1159 1296 agro
1181 1241 1408 1295 potiuntur.
1428 1253 1504 1279 nec
1532 1240 1636 1294 jam,

318 1308 388 1339 aut
424 1299 466 1343 iu
502 1299 680 1353 agmine,
713 1308 782 1338 aut
818 1299 859 1338 in
901 1299 1056 1349 castris,
1096 1301 1178 1339 ullo
1214 1299 1387 1353 imperio
1418 1297 1636 1338 contineri.

319 1357 458 1414 Qam
475 1356 544 1396 ub1
558 1357 846 1412 negligentiam
868 1370 916 1397 ex
950 1371 993 1397 re
1016 1361 1078 1408 (ut
1101 1357 1163 1412 fit)
1182 1357 1284 1397 bene
1304 1357 1415 1412 gesta
1429 1355 1526 1396 oriri
1550 1355 1639 1396 sen-

320 1415 424 1455 serat
438 1415 686 1465 Hasdrubal,
707 1415 945 1456 cohortatus
969 1415 1136 1465 milites,
1157 1427 1200 1456 ut
1223 1417 1387 1481 palatos·
1413 1416 1540 1455 {inei
1517 1414 1637 1469 signis

321 1473 456 1514 hostes
479 1475 812 1528 aggrederentur,
838 1475 1042 1528 degressus
1064 1476 1182 1523 colle,
1214 1474 1346 1529 pergit
1378 1473 1435 1513 ire
1458 1473 1543 1512 acie
1575 1473 1638 1511 in-

323 1531 475 1573 ἢῑυᾶε
499 1533 548 1572 ad
572 1531 711 1572 castra.
745 1546 868 1584 quem
894 1543 937 1571 ut
950 1533 1078 1572 adesse
1101 1532 1353 1572 tumultuose
1390 1531 1636 1571 nunciavere

320 1589 526 1645 fugientes
543 1604 591 1629 ex
616 1589 785 1643 speculis
803 1589 1139 1643 stationibusque,
1177 1592 1226 1630 ad
1263 1605 1374 1630 arma
1405 1590 1639 1630 conclama-

321 1657 410 1688 tum
425 1648 496 1688 est.
557 1648 622 1688 Ut
658 1647 827 1702 quisque
861 1662 971 1687 arma
1006 1659 1182 1702 ceperat,
1211 1648 1290 1688 line
1332 1648 1521 1702 imperio,
1556 1647 1637 1687 sme

321 1707 448 1761 figno,
472 1706 742 1760 incompositi,
766 1706 984 1746 inordinati
1022 1707 1063 1746 in
1104 1707 1297 1761 proelium
1341 1715 1481 1746 ruunt.
1542 1705 1637 1759 Jam

321 1779 443 1820 primi
461 1764 749 1805 conseruerant
770 1778 930 1812 manus,
965 1780 1094 1818 quum
1126 1766 1193 1805 alii
1230 1764 1467 1805 catervatim
1499 1778 1638 1804 curre-

320 1830 427 1872 rent,
448 1823 516 1862 alu
533 1823 756 1863 nondum
751 1836 772 1861 e
809 1822 947 1862 c1stris
982 1824 1161 1863 exifl'ent.
1205 1832 1343 1862 tamen
1380 1821 1515 1877 primo
1554 1821 1637 1876 ipsa

321 1881 491 1922 audacia
511 1891 691 1920 terruere
732 1879 903 1920 hostem.
924 1882 1086 1930 deinde,
1118 1882 1197 1921 r¹1ri
1222 1882 1262 1921 in
1285 1881 1497 1921 confertos
1520 1880 1638 1931 illati,

321 1953 451 1994 quum
487 1939 670 1993 paucitas
703 1952 850 2003 parum
883 1949 971 1978 tuta
1007 1941 1116 1988 effer,
1148 1939 1345 1995 respicere
1363 1939 1429 1978 alii
1452 1939 1569 1989 alios,
1595 1943 1634 1979 δε

322 1997 505 2051 undique
527 1997 626 2051 pulsi
649 1997 758 2038 coire
776 1997 816 2036 in
838 1997 977 2036 orbem
1002 2015 1013 2046 3
1050 2001 1086 2037 8<
1112 1999 1210 2038 dum
1253 2001 1289 2051 (1
1278 2004 1318 2038 ι)
1343 2012 1514 2052 corpora
1549 2011 1639 2037 cor·

321 2055 489 2110 poribus
505 2056 777 2119 applicantur,
799 2069 991 2108 armaque
1014 2056 1136 2097 armis
1163 2058 1361 2111 jungunt,
1399 2056 1439 2094 in
1474 2055 1637 2096 aretum

321 2114 533 2168 compulsi,
549 2128 677 2168 quum
695 2128 760 2153 le
777 2113 988 2153 movendis
1006 2115 1128 2154 armis
1160 2115 1251 2154 satis
1286 2113 1401 2167 spatii
1429 2115 1538 2162 esset,
1570 2127 1641 2154 co-

322 2173 422 2213 rona
438 2171 615 2213 hostium
638 2171 782 2220 cinai,
804 2172 851 2210 ad
870 2176 891 2223 ss
916 2173 1091 2212 multum
1110 2173 1190 2212 diei
1213 2174 1439 2213 caeduntur.
1478 2172 1637 2227 Exigua

322 2245 430 2285 pars,
463 2230 677 2284 eruptione
714 2229 842 2281 faeta,
876 2230 987 2277 silvas
1031 2246 1076 2270 ac
1109 2241 1269 2271 montes
1306 2230 1432 2284 petit:
1468 2231 1637 2284 parique

322 2299 475 2330 terrore
500 2291 538 2330 &
565 2288 691 2329 castra
714 2287 804 2327 sunt
819 2286 991 2340 deserta,
1012 2291 1051 2330 &r
1076 2289 1259 2330 universa
1276 2302 1376 2345 gens
1393 2288 1554 2343 postero
1571 2288 1637 2328 die

1593 2361 1636 2386 m

319 2492 531 2525 cumgente-m
556 2481 658 2514 vertit
687 2477 822 2514 bellum.
872 2482 928 2523 (4)
955 2482 1031 2515 vid.
1056 2489 1128 2515 not.
1149 2494 1181 2521 4.
1202 2479 1243 2515 ad
1261 2494 1289 2514 c.
1311 2492 1364 2516 21.
1382 2483 1405 2514 1.
1432 2492 1483 2516 21.
1521 2480 1633 2524 supra.

321 2531 429 2561 Robore
448 2532 613 2565 viriam,ut
631 2532 743 2559 viriumr
759 2532 792 2559 ‘vi
807 2529 905 2570 supr&
927 2529 948 2559 l.
975 2539 1006 2570 9.
1034 2540 1062 2561 c.
1092 2529 1146 2561 16.

367 2593 410 2624 C.
435 2591 681 2633 27.(1)Hanc
700 2590 886 2629 lectionem,
901 2603 1001 2633 quam
1019 2602 1057 2624 ex
1076 2602 1142 2625 uno
1160 2586 1273 2624 codice
1297 2592 1409 2623 laudat
1436 2589 1637 2628 Crevierius,

319 2637 374 2668 alii
391 2638 565 2678 quinquea
582 2636 855 2669 Drakenborchio
868 2637 1039 2670 memorati
1065 2649 1102 2680 pr
1107 2633 1255 2670 aeserunt»
1304 2637 1475 2668 Hactenus
1498 2635 1532 2667 in
1565 2646 1636 2666 orn-

322 2683 418 2714 nibus
441 2681 537 2712 editis
556 2692 617 2712 vox
633 2690 748 2722 corpora
773 2681 885 2713 omissa
901 2682 968 2721 cst3
993 2694 1081 2724 qua.
1075 2677 1164 2714 addit
1169 2694 1199 2720 a,
1216 2682 1298 2733 qumis
1312 2693 1379 2713 non
1395 2682 1484 2713 videt
1513 2680 1637 2713 oratio·

320 2739 397 2760 nem
411 2727 516 2760 multo
532 2726 650 2758 clarius
669 2727 700 2758 8<
715 2726 893 2770 elegantius
905 2727 1113 2769 procedere?
1159 2729 1240 2760 Earn
1258 2726 1360 2769 igitur
1383 2725 1551 2759 contextui
1585 2725 1634 2756 in-

1464 2771 1634 2803 serendam
