1834 3099
399 186 628 228 LIBER
681 186 841 228 XXVI.
898 186 933 226 C
955 188 989 227 A
1006 187 1053 227 Ρ.
1107 187 1199 229 XL.
1628 199 1682 241 59

129 304 227 358 quia
254 303 340 359 jam
371 304 628 359 imperatoris
667 317 830 357 quoque
867 302 986 343 famae
1021 304 1224 345 officiebat
1257 307 1335 360 (3),
1368 305 1459 360 pos-

134 361 268 403 tremo
306 363 348 403 in
381 363 575 404 invidiam
609 362 756 411 vertit3
790 373 834 401 ut
857 376 907 400 ne
934 361 1038 402 bene
1060 363 1180 418 gestae
1204 364 1371 417 quidem
1395 378 1458 404 res

129 422 217 477 jam
241 421 438 462 Hannoni
461 433 626 477 propter
647 420 861 461 auffiorem
885 419 976 460 satis
995 422 1099 461 laetae
1120 422 1259 462 effent.
1293 433 1461 477 propter

136 495 229 534 quae
265 480 471 535 postremo
506 479 795 536 praestituram
834 479 922 534 ejus
955 478 1039 520 filio
1076 479 1147 520 suo
1176 481 1302 531 dedit,
1333 492 1463 530 ratus,

138 553 233 579 curn
267 539 439 593 imperio
460 546 485 594 †
511 538 799 580 metm-itatem
839 552 1004 592 quoque
1046 538 1083 578 ei
1121 539 1226 578 inter
1257 539 1463 579 Numidas

138 607 392 652 erepturum.
416 600 527 652 quod
556 595 677 652 longe
710 596 826 636 aliter
856 596 1004 636 evenit.
1069 598 1179 637 Nam
1202 607 1380 638 veterem
1405 597 1461 637 fa·

139 670 280 696 vorem
303 658 391 712 ejus
426 657 494 697 sua
526 655 687 710 insuper'
719 654 869 694 invidia
892 655 1021 695 auxit.
1044 670 1178 709 neque
1200 655 1266 696 ille
1289 656 1466 711 indigni-

141 725 270 755 tatem
305 715 464 771 injuriae
494 715 604 765 tulit,
637 713 937 768 confestimque
970 715 1020 754 ad
1043 715 1259 754 Laevinum
1281 716 1466 755 occultos

142 773 317 814 nuncios
352 774 455 814 mifit
477 775 526 814 de
549 774 746 814 tradendo
772 772 1015 828 Agrigento.
1077 773 1157 813 Per
1189 787 1292 827 quos
1329 782 1374 813 ut
1409 772 1466 813 est
1488 774 1675 827 Agrigf’m‘fn

149 838 165 883 ll
186 831 296 873 fafita
320 831 436 883 fides,
469 830 795 887 compofitusque
818 831 875 871 rei
897 833 1087 886 gerendae
1111 833 1275 882 modus,
1307 842 1466 886 portam
1485 820 1671 896 tllelzzmaradz-

146 892 197 931 ad
219 905 329 932 mare
347 890 549 931 ferentem
569 890 766 931 Numidae
789 904 918 944 quum
936 891 1210 944 occupassent,
1229 891 1349 944 pulsis
1372 891 1469 931 inde
1545 887 1554 896 ⁰

146 948 400 1001 custodibus,
433 959 502 989 aut
533 949 656 999 caefis,
689 949 903 990 Romanos
939 950 989 988 ad
1026 950 1067 990 id
1102 949 1233 1003 ipsum
1266 950 1398 990 miffos
1428 949 1470 990 in

149 1007 292 1048 urbem
316 1019 576 1064 acceperunt.
637 1008 688 1049 Et
711 1022 840 1062 quum
858 1008 1020 1063 agmine
1037 1010 1124 1064 jam
1148 1008 1189 1047 in
1208 1009 1340 1049 media
1360 1008 1470 1049 urbis

149 1081 196 1108 ac
225 1066 364 1107 forum
387 1082 538 1123 magno
556 1068 736 1107 tumultu
760 1067 902 1116 iretur,
934 1077 1046 1107 ratus
1063 1067 1217 1108 Hanno
1240 1082 1323 1108 uon
1346 1068 1472 1120 aliud,

151 1124 277 1181 quizm
309 1127 534 1166 tumultum
557 1141 603 1167 ac
637 1125 892 1166 seceffionem
915 1125 971 1180 (id
996 1127 1106 1180 quod
1136 1126 1175 1165 δι
1199 1130 1294 1167 ante
1315 1126 1474 1167 accide-

154 1189 233 1239 rat)
258 1185 536 1225 Numidarum
558 1185 649 1233 effe,
672 1187 722 1225 ad
744 1185 1095 1238 comprimendam
1120 1184 1359 1226 seditionem
1383 1200 1476 1240 pro-

155 1243 279 1285 cesslt.
300 1253 422 1298 atque
453 1244 534 1293 ille,
568 1258 696 1298 quum
734 1243 772 1283 ei
801 1243 1024 1283 multitudo
1055 1244 1202 1299 major,
1235 1245 1358 1298 quitm
1386 1244 1478 1284 Nu-

155 1303 375 1351 midarum,
408 1305 552 1357 procul
595 1302 692 1353 visa,
727 1306 767 1344 &
811 1303 965 1342 clamor
1007 1303 1224 1343 Romanus
1263 1303 1478 1357 haudqua-

156 1376 282 1416 quam
304 1362 469 1416 ignotus
491 1362 541 1402 ad
560 1376 676 1402 aures
699 1360 916 1411 accidisset,
948 1359 1077 1416 prius,
1111 1361 1235 1415 quhm
1258 1365 1322 1417 (4)
1349 1364 1399 1402 ad
1422 1362 1478 1402 ic-

157 1430 246 1461 tum
290 1419 359 1460 teli
395 1420 567 1470 veniret,
601 1420 763 1475 capessit
798 1419 955 1475 fugam.
992 1434 1065 1474 per
1097 1420 1275 1461 aversam
1316 1430 1478 1476 portam

156 1479 337 1530 emiffus,
370 1479 569 1533 assumpto
607 1478 757 1519 comite
788 1479 987 1534 Epicyde,
1021 1493 1114 1519 curn
1137 1479 1277 1534 paucis
1299 1482 1349 1520 ad
1367 1494 1477 1519 mare

157 1538 369 1593 pervenit:
401 1537 595 1592 naffilique
625 1541 857 1592 opportune*
888 1551 1057 1592 parvum
1078 1538 1305 1593 navigium,
1336 1538 1480 1579 telier-“1

156 1597 341 1638 hostibus
369 1596 522 1646 Sicilifi,
554 1597 604 1636 de
627 1597 706 1650 quai
729 1610 801 1651 per
829 1605 890 1636 tot
912 1604 1041 1636 annos
1073 1607 1272 1637 certatum
1299 1608 1403 1649 erat,
1439 1597 1480 1637 in
1502 1601 1600 1631 Sicilt'a
1613 1603 1658 1631 de—

159 1655 345 1697 Africam
365 1656 628 1711 trajecerunt.
648 1655 724 1695 alia
746 1655 968 1695 multitudo
982 1655 1208 1696 Poenorum
1227 1656 1480 1697 Siculorum·
1490 1649 1574 1698 fi's‘a
1588 1659 1606 1678 α
1625 1647 1688 1678 ²³⁰¹·

158 1729 254 1769 que,
288 1729 336 1755 ne
357 1725 513 1755 tentato
535 1714 702 1769 quidem
726 1713 965 1762 certamine,
997 1729 1127 1768 quum
1153 1715 1251 1756 caeei
1274 1715 1315 1754 in
1338 1715 1480 1770 fugam
1501 1706 1562 1723 ’Μ’

156 1784 338 1823 ruerent,
371 1774 573 1827 clausique
595 1773 727 1813 exitus
756 1773 894 1822 essent,
928 1773 1034 1813 circa
1057 1785 1193 1828 portas
1215 1774 1329 1815 caesa.
1392 1776 1481 1829 Op-

158 1832 256 1888 pido
279 1842 444 1886 recepto
459 1832 665 1882 Laevinus‚
693 1832 763 1886 qui
782 1833 913 1886 capita
935 1846 1073 1872 rerum
1107 1832 1324 1889 Agrigenti
1352 1844 1482 1882 erant,

159 1891 284 1946 virgis
306 1891 428 1932 caesos
448 1890 576 1932 securi
609 1890 822 1945 percuffit:
853 1900 1010 1931 ceteros
1045 1894 1307 1947 praedamque
1342 1892 1484 1932 vendi-

161 1949 234 1989 dit.
265 1964 431 1989 omnem
454 1949 672 2004 pecuniam
696 1950 877 1990 Romam
901 1950 1019 1989 misit.
1082 1951 1206 1990 Fama
1246 1950 1484 2006 Agrigenti-

161 2022 310 2048 norum
327 2005 451 2048 cladis
468 2008 649 2048 Siciliam
666 2022 794 2062 quum
819 2008 1056 2062 pervasiss'et,
1089 2009 1227 2048 omnia
1244 2008 1409 2064 repente
1433 2010 1484 2049 ad

164 2066 378 2107 Romanos
405 2067 717 2107 inclinaverunt.
779 2066 946 2106 Prodita
977 2066 1089 2106 brevi
1123 2067 1213 2106 sunt
1242 2067 1385 2123 viginti
1413 2082 1486 2123 op-

164 2125 286 2180 pidat
323 2125 386 2165 sex
416 2126 454 2164 vi
490 2135 635 2179 capta:
665 2125 894 2165 voluntaria
916 2125 1122 2165 deditione
1146 2125 1186 2165 in
1218 2125 1341 2166 fidem
1364 2140 1487 2168 vene-

164 2195 261 2223 runt
283 2185 331 2223 ad
350 2184 629 2239 quadraginta.
649 2197 824 2237 quarum
846 2183 1071 2224 civitatium
1088 2184 1339 2239 principibus
1357 2200 1487 2239 quum

163 2257 239 2298 pro
260 2242 456 2298 cujusque
487 2242 633 2282 merito
655 2241 797 2282 consul
825 2245 886 2298 (5)
906 2243 1034 2297 pretia
1056 2243 1279 2299 poenasque
1301 2244 1487 2284 exsolvis-

1413 2303 1485 2352 set,

171 2456 309 2490 nienses.
366 2456 451 2488 Nam
484 2454 551 2497 ipse
580 2456 705 2487 Hanno
738 2455 867 2488 Mutini
898 2454 1080 2488 invidebat.
1127 2458 1184 2498 (3)
1207 2457 1258 2490 Sic
1287 2458 1385 2501 supr}
1414 2459 1486 2493 [riv.

164 2500 267 2535 'Praef.
286 2515 342 2533 meo
357 2505 407 2544 qui
419 2505 522 2532 nomini
539 2502 664 2544 qfficient.
715 2503 768 2544 (4)
795 2502 846 2533 Sic
863 2504 1025 2544 veniresiab
1048 2507 1131 2533 ictum
1158 2503 1242 2535 infre}
1263 2505 1285 2535 Ι.
1309 2515 1349 2543 27
1380 2517 1408 2538 c.
1438 2506 1490 2538 18.

172 2557 255 2580 extra
279 2552 362 2579 idium
377 2550 426 2578 teli
440 2548 489 2590 ιβ’(
505 2547 524 2577 l.
546 2558 598 2586 34·
616 2558 644 2578 c.
673 2547 724 2579 28.
749 2549 840 2588 quod
864 2547 969 2580 Graeci
989 2549 1040 2586 ιξω
1060 2550 1147 2579 Gazam
1163 2563 1230 2581 εινιιι
1247 2550 1372 2582 dicunt.
1423 2552 1492 2582 ‘Teli

163 2599 250 2639 jacqu
273 2594 358 2637 oluff
374 2593 455 2625 dixit
472 2592 579 2624 noster
597 2593 693 2634 supra
711 2593 732 2624 l.
753 2593 784 2625 8.
800 2605 828 2626 c.
854 2604 884 2633 7.
931 2595 988 2633 (5)
1012 2594 1116 2635 Supsfl
1136 2595 1158 2625 i.
1181 2605 1212 2634 5.
1233 2607 1259 2627 c.
1281 2597 1336 2634 43.
1354 2611 1436 2639 quum
1453 2599 1492 2630 {5³

167 2640 248 2672 τιθεῖ
264 2641 302 2673 2⁴5⁸
323 2647 474 2683 perperam
489 2640 576 2679 suisio
597 2643 725 2681 pretium
747 2642 898 2672 deberetur.
917 2638 1003 2670 infra
1020 2639 1042 2672 l.
1063 2650 1083 2677 4
1091 2653 1115 2682 j·
1130 2651 1158 2671 c.
1179 2649 1233 2681 37.
1253 2645 1293 2672 ila
1312 2649 1342 2673 Θ
1367 2646 1492 2685 pretium

1422 2689 1497 2722 1ιὲὶῖ
