<?xml version="1.0" encoding="UTF-8"?>
<!DOCTYPE html PUBLIC "-//W3C//DTD XHTML 1.0 Transitional//EN"
    "http://www.w3.org/TR/xhtml1/DTD/xhtml1-transitional.dtd">
<html xmlns="http://www.w3.org/1999/xhtml" xml:lang="en" lang="en">
 <head>
  <title>
</title>
<meta http-equiv="Content-Type" content="text/html;charset=utf-8" />
  <meta name='ocr-system' content='tesseract 3.04.00' />
  <meta name='ocr-capabilities' content='ocr_page ocr_carea ocr_par ocr_line ocrx_word'/>
</head>
<body>
  <div class='ocr_page' id='page_1' title='image "./historiaeromanae02livyuoft_0542.png"; bbox 0 0 1834 3099; ppageno 0'>
   <div class='ocr_carea' id='block_1_1' title="bbox 183 176 263 218">
    <p class='ocr_par' dir='ltr' id='par_1_1' title="bbox 183 176 263 218">
     <span class='ocr_line' id='line_1_1' title="bbox 183 176 263 218; baseline -0.038 0"><span class='ocrx_word' id='word_1_1' title='bbox 183 176 263 218; x_wconf 71' lang='lat'>¹44</span> 
     </span>
    </p>
   </div>
   <div class='ocr_carea' id='block_1_2' title="bbox 168 1890 378 2022">
    <p class='ocr_par' dir='ltr' id='par_1_2' title="bbox 168 1890 378 2022">
     <span class='ocr_line' id='line_1_2' title="bbox 172 1890 364 1932; baseline 0.005 -12"><span class='ocrx_word' id='word_1_2' title='bbox 172 1890 329 1932; x_wconf 74' lang='lat' dir='ltr'><em>Elephanti</em></span> <span class='ocrx_word' id='word_1_3' title='bbox 344 1904 364 1921; x_wconf 85' lang='grc' dir='ltr'><em>α</em></span> 
     </span>
     <span class='ocr_line' id='line_1_3' title="bbox 173 1938 378 1966; baseline 0 0"><span class='ocrx_word' id='word_1_4' title='bbox 173 1938 322 1966; x_wconf 66' lang='grc' dir='ltr'>νεέῖονίὂω</span> <span class='ocrx_word' id='word_1_5' title='bbox 334 1939 378 1966; x_wconf 77' lang='lat' dir='ltr'>in-</span> 
     </span>
     <span class='ocr_line' id='line_1_4' title="bbox 168 1983 290 2022; baseline 0.008 -10"><span class='ocrx_word' id='word_1_6' title='bbox 168 1983 290 2022; x_wconf 49' lang='lat' dir='ltr'>tet-‘seffli-</span> 
     </span>
    </p>
   </div>
   <div class='ocr_carea' id='block_1_3' title="bbox 159 2173 378 2260">
    <p class='ocr_par' dir='ltr' id='par_1_3' title="bbox 159 2173 378 2260">
     <span class='ocr_line' id='line_1_5' title="bbox 170 2173 364 2215; baseline 0.026 -12"><span class='ocrx_word' id='word_1_7' title='bbox 170 2173 339 2215; x_wconf 71' lang='lat' dir='ltr'>Hasdrubal</span> <span class='ocrx_word' id='word_1_8' title='bbox 340 2179 364 2207; x_wconf 74' lang='lat' dir='ltr'>is</span> 
     </span>
     <span class='ocr_line' id='line_1_6' title="bbox 159 2221 378 2260; baseline 0.014 -12"><span class='ocrx_word' id='word_1_9' title='bbox 159 2221 312 2260; x_wconf 58' lang='lat' dir='ltr'>firmado,</span> <span class='ocrx_word' id='word_1_10' title='bbox 339 2224 378 2255; x_wconf 59' lang='grc' dir='ltr'>ω’</span> 
     </span>
    </p>
   </div>
   <div class='ocr_carea' id='block_1_4' title="bbox 168 2276 253 2297">
    <p class='ocr_par' dir='ltr' id='par_1_4' title="bbox 168 2276 253 2297">
     <span class='ocr_line' id='line_1_7' title="bbox 168 2276 253 2297; baseline 0.035 -4"><span class='ocrx_word' id='word_1_11' title='bbox 168 2276 253 2297; x_wconf 69' lang='lat' dir='ltr'>mort.</span> 
     </span>
    </p>
   </div>
   <div class='ocr_carea' id='block_1_5' title="bbox 913 158 1202 203">
    <p class='ocr_par' dir='ltr' id='par_1_5' title="bbox 913 158 1202 203">
     <span class='ocr_line' id='line_1_8' title="bbox 913 158 1202 203; baseline 0 -3"><span class='ocrx_word' id='word_1_12' title='bbox 913 158 965 201; x_wconf 78' lang='lat' dir='ltr'>T.</span> <span class='ocrx_word' id='word_1_13' title='bbox 1006 160 1202 203; x_wconf 62' lang='lat' dir='ltr'>Livii</span> 
     </span>
    </p>
   </div>
   <div class='ocr_carea' id='block_1_6' title="bbox 394 275 1724 2266">
    <p class='ocr_par' dir='ltr' id='par_1_6' title="bbox 394 275 1724 1856">
     <span class='ocr_line' id='line_1_9' title="bbox 402 275 1724 333; baseline 0.002 -16"><span class='ocrx_word' id='word_1_14' title='bbox 402 277 514 318; x_wconf 80' lang='lat' dir='ltr'>vium</span> <span class='ocrx_word' id='word_1_15' title='bbox 559 275 939 332; x_wconf 74' lang='lat' dir='ltr'>Hasdrubalemque</span> <span class='ocrx_word' id='word_1_16' title='bbox 994 278 1137 333; x_wconf 79' lang='lat' dir='ltr'>ingens</span> <span class='ocrx_word' id='word_1_17' title='bbox 1158 283 1182 330; x_wconf 80' lang='lat'>†</span> <span class='ocrx_word' id='word_1_18' title='bbox 1199 276 1456 318; x_wconf 69' lang='lat' dir='ltr'>contraCtum</span> <span class='ocrx_word' id='word_1_19' title='bbox 1514 287 1724 319; x_wconf 82' lang='lat' dir='ltr'>certamen</span> 
     </span>
     <span class='ocr_line' id='line_1_10' title="bbox 401 335 1723 391; baseline 0.002 -15"><span class='ocrx_word' id='word_1_20' title='bbox 401 347 504 387; x_wconf 88' lang='lat' dir='ltr'>erat,</span> <span class='ocrx_word' id='word_1_21' title='bbox 536 346 734 390; x_wconf 86' lang='lat' dir='ltr'>atroxque</span> <span class='ocrx_word' id='word_1_22' title='bbox 758 337 888 377; x_wconf 81' lang='lat' dir='ltr'>caedes</span> <span class='ocrx_word' id='word_1_23' title='bbox 910 337 1102 391; x_wconf 88' lang='lat' dir='ltr'>utrinque</span> <span class='ocrx_word' id='word_1_24' title='bbox 1129 342 1144 387; x_wconf 80' lang='grc' dir='ltr'>Η</span> <span class='ocrx_word' id='word_1_25' title='bbox 1169 335 1377 376; x_wconf 79' lang='lat' dir='ltr'>edebatur.</span> <span class='ocrx_word' id='word_1_26' title='bbox 1415 336 1469 376; x_wconf 90' lang='lat' dir='ltr'>ibi</span> <span class='ocrx_word' id='word_1_27' title='bbox 1492 336 1616 377; x_wconf 86' lang='lat' dir='ltr'>duces</span> <span class='ocrx_word' id='word_1_28' title='bbox 1637 352 1723 377; x_wconf 83' lang='lat' dir='ltr'>am-</span> 
     </span>
     <span class='ocr_line' id='line_1_11' title="bbox 401 394 1723 450; baseline 0.002 -16"><span class='ocrx_word' id='word_1_29' title='bbox 401 394 470 443; x_wconf 91' lang='lat' dir='ltr'>bo,</span> <span class='ocrx_word' id='word_1_30' title='bbox 514 394 568 434; x_wconf 86' lang='lat' dir='ltr'>ibi</span> <span class='ocrx_word' id='word_1_31' title='bbox 599 409 690 449; x_wconf 85' lang='lat' dir='ltr'>pars</span> <span class='ocrx_word' id='word_1_32' title='bbox 727 396 855 450; x_wconf 88' lang='lat' dir='ltr'>major</span> <span class='ocrx_word' id='word_1_33' title='bbox 886 396 1069 449; x_wconf 85' lang='lat' dir='ltr'>peditum</span> <span class='ocrx_word' id='word_1_34' title='bbox 1105 395 1375 448; x_wconf 83' lang='lat' dir='ltr'>equitumque</span> <span class='ocrx_word' id='word_1_35' title='bbox 1405 394 1723 436; x_wconf 86' lang='lat' dir='ltr'>Romanorum:</span> 
     </span>
     <span class='ocr_line' id='line_1_12' title="bbox 401 453 1722 509; baseline 0.003 -17"><span class='ocrx_word' id='word_1_36' title='bbox 401 453 457 493; x_wconf 91' lang='lat' dir='ltr'>ibi</span> <span class='ocrx_word' id='word_1_37' title='bbox 478 453 665 507; x_wconf 85' lang='lat' dir='ltr'>Hispani,</span> <span class='ocrx_word' id='word_1_38' title='bbox 697 464 813 494; x_wconf 86' lang='lat' dir='ltr'>vetus</span> <span class='ocrx_word' id='word_1_39' title='bbox 842 455 958 495; x_wconf 86' lang='lat' dir='ltr'>miles</span> <span class='ocrx_word' id='word_1_40' title='bbox 991 453 1222 509; x_wconf 89' lang='lat' dir='ltr'>peritusque</span> <span class='ocrx_word' id='word_1_41' title='bbox 1255 454 1456 493; x_wconf 82' lang='lat' dir='ltr'>Romanae</span> <span class='ocrx_word' id='word_1_42' title='bbox 1479 468 1643 509; x_wconf 85' lang='lat' dir='ltr'>pugnae,</span> <span class='ocrx_word' id='word_1_43' title='bbox 1680 457 1722 496; x_wconf 71' lang='lat'>&amp;-</span> 
     </span>
     <span class='ocr_line' id='line_1_13' title="bbox 400 509 1722 567; baseline 0.001 -16"><span class='ocrx_word' id='word_1_44' title='bbox 400 511 592 566; x_wconf 81' lang='lat' dir='ltr'>Ligures,</span> <span class='ocrx_word' id='word_1_45' title='bbox 623 513 771 552; x_wconf 89' lang='lat' dir='ltr'>durum</span> <span class='ocrx_word' id='word_1_46' title='bbox 805 513 846 552; x_wconf 89' lang='lat' dir='ltr'>in</span> <span class='ocrx_word' id='word_1_47' title='bbox 869 513 991 553; x_wconf 84' lang='lat' dir='ltr'>armis</span> <span class='ocrx_word' id='word_1_48' title='bbox 1027 526 1168 567; x_wconf 83' lang='lat' dir='ltr'>genus.</span> <span class='ocrx_word' id='word_1_49' title='bbox 1204 509 1350 552; x_wconf 60' lang='lat' dir='ltr'>eedem</span> <span class='ocrx_word' id='word_1_50' title='bbox 1375 512 1472 552; x_wconf 90' lang='lat' dir='ltr'>versi</span> <span class='ocrx_word' id='word_1_51' title='bbox 1496 512 1722 567; x_wconf 81' lang='lat' dir='ltr'>elephanti,</span> 
     </span>
     <span class='ocr_line' id='line_1_14' title="bbox 401 571 1721 626; baseline 0.002 -17"><span class='ocrx_word' id='word_1_52' title='bbox 401 571 471 624; x_wconf 90' lang='lat' dir='ltr'>qui</span> <span class='ocrx_word' id='word_1_53' title='bbox 495 571 627 624; x_wconf 88' lang='lat' dir='ltr'>primo</span> <span class='ocrx_word' id='word_1_54' title='bbox 648 571 803 625; x_wconf 88' lang='lat' dir='ltr'>impetu</span> <span class='ocrx_word' id='word_1_55' title='bbox 828 571 1086 612; x_wconf 81' lang='lat' dir='ltr'>turbaverant</span> <span class='ocrx_word' id='word_1_56' title='bbox 1109 571 1407 625; x_wconf 76' lang='lat' dir='ltr'>antesignanos,</span> <span class='ocrx_word' id='word_1_57' title='bbox 1441 573 1480 612; x_wconf 73' lang='grc' dir='ltr'>δε</span> <span class='ocrx_word' id='word_1_58' title='bbox 1503 571 1587 626; x_wconf 83' lang='lat' dir='ltr'>jam</span> <span class='ocrx_word' id='word_1_59' title='bbox 1612 571 1721 626; x_wconf 79' lang='lat' dir='ltr'>ligna</span> 
     </span>
     <span class='ocr_line' id='line_1_15' title="bbox 402 629 1720 680; baseline 0.002 -12"><span class='ocrx_word' id='word_1_60' title='bbox 402 640 613 669; x_wconf 86' lang='lat' dir='ltr'>moverant</span> <span class='ocrx_word' id='word_1_61' title='bbox 635 631 749 670; x_wconf 87' lang='lat' dir='ltr'>loco:</span> <span class='ocrx_word' id='word_1_62' title='bbox 781 630 942 680; x_wconf 86' lang='lat' dir='ltr'>deinde,</span> <span class='ocrx_word' id='word_1_63' title='bbox 977 630 1178 670; x_wconf 79' lang='lat' dir='ltr'><strong>crescente</strong></span> <span class='ocrx_word' id='word_1_64' title='bbox 1216 629 1437 670; x_wconf 78' lang='lat' dir='ltr'>certamine</span> <span class='ocrx_word' id='word_1_65' title='bbox 1464 632 1499 670; x_wconf 75' lang='lat'>8&lt;</span> <span class='ocrx_word' id='word_1_66' title='bbox 1527 631 1720 678; x_wconf 87' lang='lat' dir='ltr'>clamore,</span> 
     </span>
     <span class='ocr_line' id='line_1_16' title="bbox 401 687 1720 744; baseline 0.001 -17"><span class='ocrx_word' id='word_1_67' title='bbox 401 694 426 740; x_wconf 90' lang='lat'><em>†</em></span> <span class='ocrx_word' id='word_1_68' title='bbox 446 687 712 742; x_wconf 68' lang='lat' dir='ltr'>impotentitis</span> <span class='ocrx_word' id='word_1_69' title='bbox 731 689 815 743; x_wconf 85' lang='lat' dir='ltr'>jam</span> <span class='ocrx_word' id='word_1_70' title='bbox 838 689 938 744; x_wconf 83' lang='lat' dir='ltr'>regi,</span> <span class='ocrx_word' id='word_1_71' title='bbox 969 691 1008 728; x_wconf 71' lang='lat' dir='ltr'>«Sc</span> <span class='ocrx_word' id='word_1_72' title='bbox 1036 689 1142 728; x_wconf 89' lang='lat' dir='ltr'>inter</span> <span class='ocrx_word' id='word_1_73' title='bbox 1164 689 1264 728; x_wconf 84' lang='lat' dir='ltr'>duas</span> <span class='ocrx_word' id='word_1_74' title='bbox 1287 688 1392 728; x_wconf 84' lang='lat' dir='ltr'>acies</span> <span class='ocrx_word' id='word_1_75' title='bbox 1414 687 1577 739; x_wconf 79' lang='lat' dir='ltr'>versari,</span> <span class='ocrx_word' id='word_1_76' title='bbox 1609 689 1720 729; x_wconf 83' lang='lat' dir='ltr'>velut</span> 
     </span>
     <span class='ocr_line' id='line_1_17' title="bbox 403 745 1721 801; baseline 0.001 -16"><span class='ocrx_word' id='word_1_77' title='bbox 403 745 546 787; x_wconf 85' lang='lat' dir='ltr'>incerti</span> <span class='ocrx_word' id='word_1_78' title='bbox 575 761 753 800; x_wconf 87' lang='lat' dir='ltr'>quorum</span> <span class='ocrx_word' id='word_1_79' title='bbox 781 748 929 788; x_wconf 82' lang='lat' dir='ltr'>essent:</span> <span class='ocrx_word' id='word_1_80' title='bbox 961 747 1068 787; x_wconf 83' lang='lat' dir='ltr'>haud</span> <span class='ocrx_word' id='word_1_81' title='bbox 1095 746 1333 787; x_wconf 72' lang='lat' dir='ltr'>dissimiliter</span> <span class='ocrx_word' id='word_1_82' title='bbox 1352 745 1522 787; x_wconf 86' lang='lat' dir='ltr'>navibus</span> <span class='ocrx_word' id='word_1_83' title='bbox 1545 747 1624 787; x_wconf 82' lang='lat' dir='ltr'>fine</span> <span class='ocrx_word' id='word_1_84' title='bbox 1646 761 1721 801; x_wconf 80' lang='lat' dir='ltr'>gu-</span> 
     </span>
     <span class='ocr_line' id='line_1_18' title="bbox 401 803 1719 861; baseline 0.001 -17"><span class='ocrx_word' id='word_1_85' title='bbox 401 803 621 845; x_wconf 85' lang='lat' dir='ltr'>bernaculo</span> <span class='ocrx_word' id='word_1_86' title='bbox 644 806 766 861; x_wconf 83' lang='lat' dir='ltr'>vagis.</span> <span class='ocrx_word' id='word_1_87' title='bbox 829 806 1040 857; x_wconf 86' lang='lat' dir='ltr'>Claudius,</span> <span class='ocrx_word' id='word_1_88' title='bbox 1076 805 1192 861; x_wconf 56' lang='lat' dir='ltr'>Quid</span> <span class='ocrx_word' id='word_1_89' title='bbox 1209 822 1292 860; x_wconf 79' lang='lat' dir='ltr'>ergo</span> <span class='ocrx_word' id='word_1_90' title='bbox 1308 807 1492 858; x_wconf 76' lang='lat' dir='ltr'>praecipiti</span> <span class='ocrx_word' id='word_1_91' title='bbox 1511 806 1620 860; x_wconf 78' lang='lat' dir='ltr'>cmfic</span> <span class='ocrx_word' id='word_1_92' title='bbox 1641 815 1719 845; x_wconf 79' lang='lat' dir='ltr'>tam</span> 
     </span>
     <span class='ocr_line' id='line_1_19' title="bbox 402 863 1719 920; baseline 0.001 -18"><span class='ocrx_word' id='word_1_93' title='bbox 402 863 548 918; x_wconf 79' lang='lat' dir='ltr'>longum</span> <span class='ocrx_word' id='word_1_94' title='bbox 586 866 658 903; x_wconf 83' lang='lat' dir='ltr'>iter</span> <span class='ocrx_word' id='word_1_95' title='bbox 691 864 820 920; x_wconf 69' lang='lat' dir='ltr'>emeaegfi</span> <span class='ocrx_word' id='word_1_96' title='bbox 833 866 1001 919; x_wconf 68' lang='lat' dir='ltr'>smnus?</span> <span class='ocrx_word' id='word_1_97' title='bbox 1035 865 1248 905; x_wconf 83' lang='lat' dir='ltr'>clamitans</span> <span class='ocrx_word' id='word_1_98' title='bbox 1282 865 1493 913; x_wconf 80' lang='lat' dir='ltr'>militibus,</span> <span class='ocrx_word' id='word_1_99' title='bbox 1527 879 1654 918; x_wconf 90' lang='lat' dir='ltr'>quum</span> <span class='ocrx_word' id='word_1_100' title='bbox 1678 865 1719 903; x_wconf 83' lang='lat' dir='ltr'>in</span> 
     </span>
     <span class='ocr_line' id='line_1_20' title="bbox 401 922 1720 978; baseline 0.001 -17"><span class='ocrx_word' id='word_1_101' title='bbox 401 922 612 962; x_wconf 82' lang='lat' dir='ltr'>adversum</span> <span class='ocrx_word' id='word_1_102' title='bbox 646 924 792 963; x_wconf 82' lang='lat' dir='ltr'>collem</span> <span class='ocrx_word' id='word_1_103' title='bbox 833 923 980 963; x_wconf 83' lang='lat' dir='ltr'>frustra</span> <span class='ocrx_word' id='word_1_104' title='bbox 1023 924 1129 978; x_wconf 83' lang='lat' dir='ltr'>signa</span> <span class='ocrx_word' id='word_1_105' title='bbox 1149 928 1173 976; x_wconf 79' lang='lat'>†</span> <span class='ocrx_word' id='word_1_106' title='bbox 1193 923 1346 977; x_wconf 69' lang='lat' dir='ltr'>erigere</span> <span class='ocrx_word' id='word_1_107' title='bbox 1387 933 1558 964; x_wconf 88' lang='lat' dir='ltr'>conatus</span> <span class='ocrx_word' id='word_1_108' title='bbox 1609 923 1720 972; x_wconf 75' lang='lat' dir='ltr'>effer,</span> 
     </span>
     <span class='ocr_line' id='line_1_21' title="bbox 400 980 1721 1036; baseline 0.002 -17"><span class='ocrx_word' id='word_1_109' title='bbox 400 980 615 1034; x_wconf 86' lang='lat' dir='ltr'>postquam</span> <span class='ocrx_word' id='word_1_110' title='bbox 651 982 697 1020; x_wconf 64' lang='lat' dir='ltr'>est</span> <span class='ocrx_word' id='word_1_111' title='bbox 736 981 902 1036; x_wconf 82' lang='lat' dir='ltr'>regione</span> <span class='ocrx_word' id='word_1_112' title='bbox 938 982 1139 1036; x_wconf 83' lang='lat' dir='ltr'>penetrari</span> <span class='ocrx_word' id='word_1_113' title='bbox 1177 983 1225 1021; x_wconf 84' lang='lat' dir='ltr'>ad</span> <span class='ocrx_word' id='word_1_114' title='bbox 1263 981 1420 1022; x_wconf 78' lang='lat' dir='ltr'>hostem</span> <span class='ocrx_word' id='word_1_115' title='bbox 1453 996 1536 1021; x_wconf 91' lang='lat' dir='ltr'>non</span> <span class='ocrx_word' id='word_1_116' title='bbox 1558 981 1721 1022; x_wconf 85' lang='lat' dir='ltr'>videbat</span> 
     </span>
     <span class='ocr_line' id='line_1_22' title="bbox 401 1038 1717 1093; baseline 0.002 -15"><span class='ocrx_word' id='word_1_117' title='bbox 401 1039 535 1091; x_wconf 79' lang='lat' dir='ltr'>poffe3</span> <span class='ocrx_word' id='word_1_118' title='bbox 568 1038 755 1080; x_wconf 85' lang='lat' dir='ltr'>cohortes</span> <span class='ocrx_word' id='word_1_119' title='bbox 797 1040 952 1093; x_wconf 85' lang='lat' dir='ltr'>aliquot</span> <span class='ocrx_word' id='word_1_120' title='bbox 988 1040 1207 1080; x_wconf 63' lang='lat' dir='ltr'>subduffls</span> <span class='ocrx_word' id='word_1_121' title='bbox 1230 1055 1250 1080; x_wconf 89' lang='lat' dir='ltr'>e</span> <span class='ocrx_word' id='word_1_122' title='bbox 1274 1041 1417 1080; x_wconf 86' lang='lat' dir='ltr'>dextro</span> <span class='ocrx_word' id='word_1_123' title='bbox 1452 1055 1596 1089; x_wconf 89' lang='lat' dir='ltr'>cornu,</span> <span class='ocrx_word' id='word_1_124' title='bbox 1648 1039 1717 1080; x_wconf 83' lang='lat' dir='ltr'>ubi</span> 
     </span>
     <span class='ocr_line' id='line_1_23' title="bbox 402 1097 1719 1153; baseline 0.002 -17"><span class='ocrx_word' id='word_1_125' title='bbox 402 1097 614 1137; x_wconf 83' lang='lat' dir='ltr'>stationem</span> <span class='ocrx_word' id='word_1_126' title='bbox 636 1097 765 1152; x_wconf 81' lang='lat' dir='ltr'>magis</span> <span class='ocrx_word' id='word_1_127' title='bbox 785 1098 963 1153; x_wconf 85' lang='lat' dir='ltr'>segnem,</span> <span class='ocrx_word' id='word_1_128' title='bbox 997 1097 1120 1152; x_wconf 73' lang='lat' dir='ltr'>quam</span> <span class='ocrx_word' id='word_1_129' title='bbox 1145 1113 1341 1153; x_wconf 82' lang='lat' dir='ltr'>pugnarn,</span> <span class='ocrx_word' id='word_1_130' title='bbox 1374 1098 1554 1139; x_wconf 84' lang='lat' dir='ltr'>futuram</span> <span class='ocrx_word' id='word_1_131' title='bbox 1577 1113 1719 1140; x_wconf 85' lang='lat' dir='ltr'>cerne·</span> 
     </span>
     <span class='ocr_line' id='line_1_24' title="bbox 399 1154 1715 1210; baseline 0.002 -16"><span class='ocrx_word' id='word_1_132' title='bbox 399 1154 485 1207; x_wconf 86' lang='lat' dir='ltr'>bat,</span> <span class='ocrx_word' id='word_1_133' title='bbox 517 1156 604 1210; x_wconf 87' lang='lat' dir='ltr'>post</span> <span class='ocrx_word' id='word_1_134' title='bbox 625 1157 752 1197; x_wconf 81' lang='lat' dir='ltr'>aciem</span> <span class='ocrx_word' id='word_1_135' title='bbox 771 1157 1056 1198; x_wconf 80' lang='lat' dir='ltr'>circumducit.</span> <span class='ocrx_word' id='word_1_136' title='bbox 1077 1160 1135 1208; x_wconf 65' lang='grc' dir='ltr'>δε,</span> <span class='ocrx_word' id='word_1_137' title='bbox 1168 1171 1248 1196; x_wconf 89' lang='lat' dir='ltr'>non</span> <span class='ocrx_word' id='word_1_138' title='bbox 1272 1157 1453 1197; x_wconf 86' lang='lat' dir='ltr'>hostibus</span> <span class='ocrx_word' id='word_1_139' title='bbox 1476 1156 1617 1207; x_wconf 69' lang='lat' dir='ltr'>modo,</span> <span class='ocrx_word' id='word_1_140' title='bbox 1650 1157 1715 1197; x_wconf 88' lang='lat' dir='ltr'>sed</span> 
     </span>
     <span class='ocr_line' id='line_1_25' title="bbox 400 1214 1717 1270; baseline 0.003 -17"><span class='ocrx_word' id='word_1_141' title='bbox 400 1214 523 1253; x_wconf 87' lang='lat' dir='ltr'>etiam</span> <span class='ocrx_word' id='word_1_142' title='bbox 561 1215 641 1255; x_wconf 79' lang='lat' dir='ltr'>suis</span> <span class='ocrx_word' id='word_1_143' title='bbox 675 1215 997 1270; x_wconf 82' lang='lat' dir='ltr'>inopinantibus,</span> <span class='ocrx_word' id='word_1_144' title='bbox 1031 1216 1071 1256; x_wconf 89' lang='lat' dir='ltr'>in</span> <span class='ocrx_word' id='word_1_145' title='bbox 1096 1219 1157 1270; x_wconf 83' lang='lat'>(4)</span> <span class='ocrx_word' id='word_1_146' title='bbox 1181 1215 1380 1256; x_wconf 85' lang='lat' dir='ltr'>sinistrum</span> <span class='ocrx_word' id='word_1_147' title='bbox 1404 1214 1580 1256; x_wconf 88' lang='lat' dir='ltr'>hostium</span> <span class='ocrx_word' id='word_1_148' title='bbox 1611 1217 1717 1257; x_wconf 81' lang='lat' dir='ltr'>latus</span> 
     </span>
     <span class='ocr_line' id='line_1_26' title="bbox 402 1272 1719 1328; baseline 0.002 -17"><span class='ocrx_word' id='word_1_149' title='bbox 402 1272 605 1314; x_wconf 82' lang='lat' dir='ltr'>incurrit:</span> <span class='ocrx_word' id='word_1_150' title='bbox 635 1284 828 1328; x_wconf 83' lang='lat' dir='ltr'>tantaque</span> <span class='ocrx_word' id='word_1_151' title='bbox 858 1275 1041 1315; x_wconf 75' lang='lat' dir='ltr'>celeritas</span> <span class='ocrx_word' id='word_1_152' title='bbox 1075 1275 1169 1323; x_wconf 74' lang='lat' dir='ltr'>suit,</span> <span class='ocrx_word' id='word_1_153' title='bbox 1202 1285 1261 1323; x_wconf 88' lang='lat' dir='ltr'>ut,</span> <span class='ocrx_word' id='word_1_154' title='bbox 1294 1288 1422 1328; x_wconf 85' lang='lat' dir='ltr'>quum</span> <span class='ocrx_word' id='word_1_155' title='bbox 1460 1274 1719 1315; x_wconf 75' lang='lat' dir='ltr'>ostendissent</span> 
     </span>
     <span class='ocr_line' id='line_1_27' title="bbox 401 1330 1719 1389; baseline 0.004 -20"><span class='ocrx_word' id='word_1_156' title='bbox 401 1330 439 1370; x_wconf 93' lang='lat' dir='ltr'>se</span> <span class='ocrx_word' id='word_1_157' title='bbox 457 1331 506 1371; x_wconf 89' lang='lat' dir='ltr'>ab</span> <span class='ocrx_word' id='word_1_158' title='bbox 527 1333 664 1382; x_wconf 85' lang='lat' dir='ltr'>latere,</span> <span class='ocrx_word' id='word_1_159' title='bbox 697 1347 791 1373; x_wconf 87' lang='lat' dir='ltr'>mox</span> <span class='ocrx_word' id='word_1_160' title='bbox 816 1333 856 1372; x_wconf 90' lang='lat' dir='ltr'>in</span> <span class='ocrx_word' id='word_1_161' title='bbox 889 1346 1001 1389; x_wconf 82' lang='lat' dir='ltr'>terga</span> <span class='ocrx_word' id='word_1_162' title='bbox 1016 1334 1102 1389; x_wconf 80' lang='lat' dir='ltr'>jam</span> <span class='ocrx_word' id='word_1_163' title='bbox 1125 1337 1147 1386; x_wconf 76' lang='lat' dir='ltr'>ss</span> <span class='ocrx_word' id='word_1_164' title='bbox 1168 1342 1411 1389; x_wconf 81' lang='lat' dir='ltr'>pugnarent.</span> <span class='ocrx_word' id='word_1_165' title='bbox 1472 1333 1534 1373; x_wconf 90' lang='lat' dir='ltr'>lta</span> <span class='ocrx_word' id='word_1_166' title='bbox 1556 1347 1609 1374; x_wconf 85' lang='lat' dir='ltr'>ex</span> <span class='ocrx_word' id='word_1_167' title='bbox 1629 1347 1719 1374; x_wconf 78' lang='lat' dir='ltr'>om-</span> 
     </span>
     <span class='ocr_line' id='line_1_28' title="bbox 401 1389 1714 1447; baseline 0.002 -19"><span class='ocrx_word' id='word_1_168' title='bbox 401 1389 521 1430; x_wconf 86' lang='lat' dir='ltr'>nibus</span> <span class='ocrx_word' id='word_1_169' title='bbox 545 1391 742 1445; x_wconf 83' lang='lat' dir='ltr'>partibus,</span> <span class='ocrx_word' id='word_1_170' title='bbox 774 1391 822 1432; x_wconf 89' lang='lat' dir='ltr'>ab</span> <span class='ocrx_word' id='word_1_171' title='bbox 846 1393 984 1441; x_wconf 84' lang='lat' dir='ltr'>latere,</span> <span class='ocrx_word' id='word_1_172' title='bbox 1018 1392 1067 1432; x_wconf 90' lang='lat' dir='ltr'>ab</span> <span class='ocrx_word' id='word_1_173' title='bbox 1090 1402 1219 1447; x_wconf 85' lang='lat' dir='ltr'>tergo,</span> <span class='ocrx_word' id='word_1_174' title='bbox 1251 1392 1508 1433; x_wconf 72' lang='lat' dir='ltr'>trucidantur</span> <span class='ocrx_word' id='word_1_175' title='bbox 1539 1391 1714 1447; x_wconf 81' lang='lat' dir='ltr'>Hispani</span> 
     </span>
     <span class='ocr_line' id='line_1_29' title="bbox 403 1448 1717 1506; baseline 0.002 -19"><span class='ocrx_word' id='word_1_176' title='bbox 403 1448 681 1504; x_wconf 84' lang='lat' dir='ltr'>Liguresque:</span> <span class='ocrx_word' id='word_1_177' title='bbox 725 1453 762 1491; x_wconf 68' lang='grc' dir='ltr'>δι</span> <span class='ocrx_word' id='word_1_178' title='bbox 799 1451 848 1490; x_wconf 86' lang='lat' dir='ltr'>ad</span> <span class='ocrx_word' id='word_1_179' title='bbox 887 1451 1031 1492; x_wconf 84' lang='lat' dir='ltr'>Gallos</span> <span class='ocrx_word' id='word_1_180' title='bbox 1058 1452 1145 1506; x_wconf 86' lang='lat' dir='ltr'>jam</span> <span class='ocrx_word' id='word_1_181' title='bbox 1179 1452 1310 1492; x_wconf 80' lang='lat' dir='ltr'>caedes</span> <span class='ocrx_word' id='word_1_182' title='bbox 1341 1461 1591 1505; x_wconf 85' lang='lat' dir='ltr'>pervenerat.</span> <span class='ocrx_word' id='word_1_183' title='bbox 1656 1450 1717 1492; x_wconf 84' lang='lat' dir='ltr'>lbi</span> 
     </span>
     <span class='ocr_line' id='line_1_30' title="bbox 403 1507 1717 1565; baseline 0.004 -20"><span class='ocrx_word' id='word_1_184' title='bbox 403 1507 622 1548; x_wconf 84' lang='lat' dir='ltr'>minimum</span> <span class='ocrx_word' id='word_1_185' title='bbox 662 1509 894 1550; x_wconf 81' lang='lat' dir='ltr'>certaminis</span> <span class='ocrx_word' id='word_1_186' title='bbox 932 1509 1023 1549; x_wconf 88' lang='lat' dir='ltr'>suit.</span> <span class='ocrx_word' id='word_1_187' title='bbox 1045 1524 1139 1549; x_wconf 81' lang='lat' dir='ltr'>nam</span> <span class='ocrx_word' id='word_1_188' title='bbox 1166 1511 1203 1550; x_wconf 76' lang='lat'>8&lt;</span> <span class='ocrx_word' id='word_1_189' title='bbox 1236 1524 1327 1563; x_wconf 89' lang='lat' dir='ltr'>pars</span> <span class='ocrx_word' id='word_1_190' title='bbox 1358 1523 1505 1564; x_wconf 85' lang='lat' dir='ltr'>magna</span> <span class='ocrx_word' id='word_1_191' title='bbox 1528 1508 1577 1550; x_wconf 85' lang='lat' dir='ltr'>ab</span> <span class='ocrx_word' id='word_1_192' title='bbox 1598 1509 1717 1565; x_wconf 74' lang='lat' dir='ltr'>lignis</span> 
     </span>
     <span class='ocr_line' id='line_1_31' title="bbox 401 1565 1718 1623; baseline 0.003 -19"><span class='ocrx_word' id='word_1_193' title='bbox 401 1565 585 1619; x_wconf 85' lang='lat' dir='ltr'>aberant,</span> <span class='ocrx_word' id='word_1_194' title='bbox 617 1567 738 1608; x_wconf 59' lang='lat' dir='ltr'>noete</span> <span class='ocrx_word' id='word_1_195' title='bbox 755 1568 910 1622; x_wconf 78' lang='lat' dir='ltr'>dilapsi,</span> <span class='ocrx_word' id='word_1_196' title='bbox 942 1568 1134 1622; x_wconf 87' lang='lat' dir='ltr'>stratique</span> <span class='ocrx_word' id='word_1_197' title='bbox 1158 1567 1298 1608; x_wconf 86' lang='lat' dir='ltr'>somno</span> <span class='ocrx_word' id='word_1_198' title='bbox 1320 1568 1458 1622; x_wconf 76' lang='lat' dir='ltr'>passim</span> <span class='ocrx_word' id='word_1_199' title='bbox 1479 1582 1551 1622; x_wconf 89' lang='lat' dir='ltr'>per</span> <span class='ocrx_word' id='word_1_200' title='bbox 1571 1582 1718 1623; x_wconf 77' lang='lat' dir='ltr'>agros:</span> 
     </span>
     <span class='ocr_line' id='line_1_32' title="bbox 403 1624 1719 1682; baseline 0.002 -18"><span class='ocrx_word' id='word_1_201' title='bbox 403 1624 457 1673; x_wconf 63' lang='grc' dir='ltr'>ἃ,</span> <span class='ocrx_word' id='word_1_202' title='bbox 489 1625 559 1678; x_wconf 91' lang='lat' dir='ltr'>qui</span> <span class='ocrx_word' id='word_1_203' title='bbox 595 1627 776 1676; x_wconf 85' lang='lat' dir='ltr'>aderant,</span> <span class='ocrx_word' id='word_1_204' title='bbox 823 1627 965 1667; x_wconf 82' lang='lat' dir='ltr'>iiinere</span> <span class='ocrx_word' id='word_1_205' title='bbox 996 1642 1041 1668; x_wconf 90' lang='lat' dir='ltr'>ac</span> <span class='ocrx_word' id='word_1_206' title='bbox 1080 1627 1226 1682; x_wconf 82' lang='lat' dir='ltr'>vigiliis</span> <span class='ocrx_word' id='word_1_207' title='bbox 1263 1625 1363 1675; x_wconf 84' lang='lat' dir='ltr'>feffi,</span> <span class='ocrx_word' id='word_1_208' title='bbox 1395 1629 1458 1681; x_wconf 83' lang='lat'>(5)</span> <span class='ocrx_word' id='word_1_209' title='bbox 1496 1627 1719 1667; x_wconf 87' lang='lat' dir='ltr'>intoleran-</span> 
     </span>
     <span class='ocr_line' id='line_1_33' title="bbox 400 1682 1715 1741; baseline 0.004 -20"><span class='ocrx_word' id='word_1_210' title='bbox 400 1682 543 1723; x_wconf 78' lang='lat' dir='ltr'>tissima</span> <span class='ocrx_word' id='word_1_211' title='bbox 573 1684 719 1725; x_wconf 85' lang='lat' dir='ltr'>laboris</span> <span class='ocrx_word' id='word_1_212' title='bbox 741 1699 925 1739; x_wconf 89' lang='lat' dir='ltr'>corpora,</span> <span class='ocrx_word' id='word_1_213' title='bbox 958 1686 1022 1725; x_wconf 87' lang='lat' dir='ltr'>vix</span> <span class='ocrx_word' id='word_1_214' title='bbox 1044 1700 1155 1725; x_wconf 84' lang='lat' dir='ltr'>arma</span> <span class='ocrx_word' id='word_1_215' title='bbox 1174 1685 1356 1725; x_wconf 87' lang='lat' dir='ltr'>humeris</span> <span class='ocrx_word' id='word_1_216' title='bbox 1378 1684 1598 1741; x_wconf 82' lang='lat' dir='ltr'>gestabant.</span> <span class='ocrx_word' id='word_1_217' title='bbox 1663 1686 1715 1726; x_wconf 81' lang='lat' dir='ltr'>Et</span> 
     </span>
     <span class='ocr_line' id='line_1_34' title="bbox 394 1740 1715 1797; baseline 0.004 -17"><span class='ocrx_word' id='word_1_218' title='bbox 394 1740 481 1795; x_wconf 85' lang='lat' dir='ltr'>jani</span> <span class='ocrx_word' id='word_1_219' title='bbox 504 1742 584 1781; x_wconf 88' lang='lat' dir='ltr'>diei</span> <span class='ocrx_word' id='word_1_220' title='bbox 611 1743 790 1783; x_wconf 88' lang='lat' dir='ltr'>medium</span> <span class='ocrx_word' id='word_1_221' title='bbox 812 1754 912 1793; x_wconf 88' lang='lat' dir='ltr'>erat,</span> <span class='ocrx_word' id='word_1_222' title='bbox 945 1744 1102 1797; x_wconf 77' lang='lat' dir='ltr'>sitisque</span> <span class='ocrx_word' id='word_1_223' title='bbox 1124 1746 1160 1784; x_wconf 84' lang='lat'>&amp;</span> <span class='ocrx_word' id='word_1_224' title='bbox 1187 1746 1297 1784; x_wconf 83' lang='lat' dir='ltr'>calor</span> <span class='ocrx_word' id='word_1_225' title='bbox 1317 1743 1476 1785; x_wconf 87' lang='lat' dir='ltr'>hiantes</span> <span class='ocrx_word' id='word_1_226' title='bbox 1497 1745 1715 1785; x_wconf 83' lang='lat' dir='ltr'>caedendos</span> 
     </span>
     <span class='ocr_line' id='line_1_35' title="bbox 398 1800 1105 1856; baseline 0.006 -18"><span class='ocrx_word' id='word_1_227' title='bbox 398 1800 695 1854; x_wconf 83' lang='lat' dir='ltr'>capiendosque</span> <span class='ocrx_word' id='word_1_228' title='bbox 717 1801 870 1841; x_wconf 80' lang='lat' dir='ltr'>affatim</span> <span class='ocrx_word' id='word_1_229' title='bbox 889 1801 1105 1856; x_wconf 74' lang='lat' dir='ltr'>praebebat.</span> 
     </span>
    </p>

    <p class='ocr_par' dir='ltr' id='par_1_7' title="bbox 396 1858 1714 2266">
     <span class='ocr_line' id='line_1_36' title="bbox 457 1858 1713 1915; baseline 0.002 -18"><span class='ocrx_word' id='word_1_230' title='bbox 457 1858 610 1900; x_wconf 85' lang='lat' dir='ltr'>XLIX.</span> <span class='ocrx_word' id='word_1_231' title='bbox 645 1859 861 1914; x_wconf 84' lang='lat' dir='ltr'>Elephanti</span> <span class='ocrx_word' id='word_1_232' title='bbox 885 1862 1020 1914; x_wconf 87' lang='lat' dir='ltr'>plures</span> <span class='ocrx_word' id='word_1_233' title='bbox 1045 1861 1093 1901; x_wconf 88' lang='lat' dir='ltr'>ab</span> <span class='ocrx_word' id='word_1_234' title='bbox 1117 1860 1206 1914; x_wconf 79' lang='lat' dir='ltr'>ipsis</span> <span class='ocrx_word' id='word_1_235' title='bbox 1229 1859 1474 1911; x_wconf 61' lang='lat' dir='ltr'>reetoribus,</span> <span class='ocrx_word' id='word_1_236' title='bbox 1506 1859 1630 1915; x_wconf 62' lang='lat' dir='ltr'>quam</span> <span class='ocrx_word' id='word_1_237' title='bbox 1664 1859 1713 1900; x_wconf 86' lang='lat' dir='ltr'>ab</span> 
     </span>
     <span class='ocr_line' id='line_1_37' title="bbox 398 1915 1712 1973; baseline 0.002 -18"><span class='ocrx_word' id='word_1_238' title='bbox 398 1915 526 1963; x_wconf 81' lang='lat' dir='ltr'>hoste,</span> <span class='ocrx_word' id='word_1_239' title='bbox 559 1917 778 1959; x_wconf 69' lang='grc' dir='ltr'>ἰηῑεῐῐεᾶἰ.</span> <span class='ocrx_word' id='word_1_240' title='bbox 801 1918 943 1959; x_wconf 80' lang='lat' dir='ltr'>fabrile</span> <span class='ocrx_word' id='word_1_241' title='bbox 975 1919 1174 1973; x_wconf 87' lang='lat' dir='ltr'>scalprum</span> <span class='ocrx_word' id='word_1_242' title='bbox 1198 1933 1292 1959; x_wconf 88' lang='lat' dir='ltr'>curn</span> <span class='ocrx_word' id='word_1_243' title='bbox 1315 1920 1461 1959; x_wconf 83' lang='lat' dir='ltr'>malleo</span> <span class='ocrx_word' id='word_1_244' title='bbox 1481 1917 1712 1966; x_wconf 79' lang='lat' dir='ltr'>habebant:</span> 
     </span>
     <span class='ocr_line' id='line_1_38' title="bbox 399 1974 1713 2033; baseline 0.002 -19"><span class='ocrx_word' id='word_1_245' title='bbox 399 1974 455 2024; x_wconf 92' lang='lat' dir='ltr'>id,</span> <span class='ocrx_word' id='word_1_246' title='bbox 488 1975 556 2015; x_wconf 86' lang='lat' dir='ltr'>ubi</span> <span class='ocrx_word' id='word_1_247' title='bbox 575 1976 709 2017; x_wconf 82' lang='lat' dir='ltr'>saevire</span> <span class='ocrx_word' id='word_1_248' title='bbox 729 1976 873 2017; x_wconf 81' lang='lat' dir='ltr'>bellua:</span> <span class='ocrx_word' id='word_1_249' title='bbox 897 1992 942 2017; x_wconf 91' lang='lat' dir='ltr'>ac</span> <span class='ocrx_word' id='word_1_250' title='bbox 959 1992 1076 2018; x_wconf 89' lang='lat' dir='ltr'>ruere</span> <span class='ocrx_word' id='word_1_251' title='bbox 1099 1978 1139 2017; x_wconf 90' lang='lat' dir='ltr'>in</span> <span class='ocrx_word' id='word_1_252' title='bbox 1162 1977 1252 2017; x_wconf 84' lang='lat' dir='ltr'>suos</span> <span class='ocrx_word' id='word_1_253' title='bbox 1274 1987 1500 2032; x_wconf 85' lang='lat' dir='ltr'>coeperant,</span> <span class='ocrx_word' id='word_1_254' title='bbox 1521 1977 1713 2033; x_wconf 86' lang='lat' dir='ltr'>magister</span> 
     </span>
     <span class='ocr_line' id='line_1_39' title="bbox 398 2033 1710 2092; baseline 0.001 -18"><span class='ocrx_word' id='word_1_255' title='bbox 398 2033 504 2074; x_wconf 89' lang='lat' dir='ltr'>inter</span> <span class='ocrx_word' id='word_1_256' title='bbox 525 2049 641 2075; x_wconf 88' lang='lat' dir='ltr'>aures</span> <span class='ocrx_word' id='word_1_257' title='bbox 663 2035 836 2089; x_wconf 86' lang='lat' dir='ltr'>positum</span> <span class='ocrx_word' id='word_1_258' title='bbox 884 2035 969 2089; x_wconf 90' lang='lat' dir='ltr'>ipso</span> <span class='ocrx_word' id='word_1_259' title='bbox 995 2036 1036 2075; x_wconf 89' lang='lat' dir='ltr'>in</span> <span class='ocrx_word' id='word_1_260' title='bbox 1058 2035 1244 2083; x_wconf 81' lang='lat' dir='ltr'>articulo,</span> <span class='ocrx_word' id='word_1_261' title='bbox 1277 2051 1359 2089; x_wconf 91' lang='lat' dir='ltr'>quo</span> <span class='ocrx_word' id='word_1_262' title='bbox 1377 2036 1567 2092; x_wconf 87' lang='lat' dir='ltr'>jungitur</span> <span class='ocrx_word' id='word_1_263' title='bbox 1587 2035 1710 2091; x_wconf 85' lang='lat' dir='ltr'>capiti</span> 
     </span>
     <span class='ocr_line' id='line_1_40' title="bbox 398 2093 1713 2149; baseline 0.002 -18"><span class='ocrx_word' id='word_1_264' title='bbox 398 2093 548 2142; x_wconf 89' lang='lat' dir='ltr'>cervix,</span> <span class='ocrx_word' id='word_1_265' title='bbox 581 2104 734 2147; x_wconf 85' lang='lat' dir='ltr'>quanto</span> <span class='ocrx_word' id='word_1_266' title='bbox 752 2094 932 2134; x_wconf 82' lang='lat' dir='ltr'>maximo</span> <span class='ocrx_word' id='word_1_267' title='bbox 949 2104 1105 2149; x_wconf 87' lang='lat' dir='ltr'>poterat</span> <span class='ocrx_word' id='word_1_268' title='bbox 1122 2094 1224 2143; x_wconf 60' lang='lat' dir='ltr'>ieiu,</span> <span class='ocrx_word' id='word_1_269' title='bbox 1245 2094 1446 2149; x_wconf 86' lang='lat' dir='ltr'>adigebat.</span> <span class='ocrx_word' id='word_1_270' title='bbox 1507 2095 1564 2134; x_wconf 86' lang='lat' dir='ltr'>Ea</span> <span class='ocrx_word' id='word_1_271' title='bbox 1582 2097 1713 2136; x_wconf 81' lang='lat' dir='ltr'>celer-</span> 
     </span>
     <span class='ocr_line' id='line_1_41' title="bbox 397 2151 1706 2200; baseline 0.002 -10"><span class='ocrx_word' id='word_1_272' title='bbox 397 2151 498 2191; x_wconf 87' lang='lat' dir='ltr'>rima</span> <span class='ocrx_word' id='word_1_273' title='bbox 532 2151 594 2192; x_wconf 89' lang='lat' dir='ltr'>via</span> <span class='ocrx_word' id='word_1_274' title='bbox 617 2152 760 2193; x_wconf 86' lang='lat' dir='ltr'>mortis</span> <span class='ocrx_word' id='word_1_275' title='bbox 796 2152 837 2192; x_wconf 91' lang='lat' dir='ltr'>in</span> <span class='ocrx_word' id='word_1_276' title='bbox 861 2163 982 2193; x_wconf 79' lang='lat' dir='ltr'>tantae</span> <span class='ocrx_word' id='word_1_277' title='bbox 1019 2153 1137 2193; x_wconf 87' lang='lat' dir='ltr'>molis</span> <span class='ocrx_word' id='word_1_278' title='bbox 1159 2152 1290 2193; x_wconf 70' lang='lat' dir='ltr'>bellua</span> <span class='ocrx_word' id='word_1_279' title='bbox 1322 2153 1484 2193; x_wconf 87' lang='lat' dir='ltr'>inventa</span> <span class='ocrx_word' id='word_1_280' title='bbox 1505 2164 1604 2200; x_wconf 85' lang='lat' dir='ltr'>erat,</span> <span class='ocrx_word' id='word_1_281' title='bbox 1638 2153 1706 2193; x_wconf 89' lang='lat' dir='ltr'>ubi</span> 
     </span>
     <span class='ocr_line' id='line_1_42' title="bbox 396 2210 1714 2266; baseline 0.003 -17"><span class='ocrx_word' id='word_1_282' title='bbox 396 2210 562 2265; x_wconf 88' lang='lat' dir='ltr'>regendi</span> <span class='ocrx_word' id='word_1_283' title='bbox 587 2210 695 2266; x_wconf 86' lang='lat' dir='ltr'>spem</span> <span class='ocrx_word' id='word_1_284' title='bbox 719 2211 909 2252; x_wconf 81' lang='lat' dir='ltr'>viciffent.</span> <span class='ocrx_word' id='word_1_285' title='bbox 941 2211 1175 2266; x_wconf 86' lang='lat' dir='ltr'>primusque</span> <span class='ocrx_word' id='word_1_286' title='bbox 1205 2212 1245 2252; x_wconf 91' lang='lat' dir='ltr'>id</span> <span class='ocrx_word' id='word_1_287' title='bbox 1278 2211 1508 2253; x_wconf 82' lang='lat' dir='ltr'>Hasdrubal</span> <span class='ocrx_word' id='word_1_288' title='bbox 1530 2211 1714 2253; x_wconf 84' lang='lat' dir='ltr'>institue-</span> 
     </span>
    </p>
   </div>
   <div class='ocr_carea' id='block_1_7' title="bbox 391 2345 1708 2609">
    <p class='ocr_par' dir='ltr' id='par_1_8' title="bbox 391 2345 1708 2609">
     <span class='ocr_line' id='line_1_43' title="bbox 393 2345 1708 2391; baseline 0.001 -14"><span class='ocrx_word' id='word_1_289' title='bbox 393 2345 550 2377; x_wconf 82' lang='lat' dir='ltr'>borchius</span> <span class='ocrx_word' id='word_1_290' title='bbox 563 2346 674 2385; x_wconf 81' lang='lat' dir='ltr'>vellet,</span> <span class='ocrx_word' id='word_1_291' title='bbox 695 2349 717 2379; x_wconf 86' lang='lat' dir='ltr'>si</span> <span class='ocrx_word' id='word_1_292' title='bbox 736 2347 814 2379; x_wconf 83' lang='lat' dir='ltr'>Msti</span> <span class='ocrx_word' id='word_1_293' title='bbox 832 2346 1073 2390; x_wconf 83' lang='lat' dir='ltr'>permitterent,</span> <span class='ocrx_word' id='word_1_294' title='bbox 1095 2350 1207 2379; x_wconf 82' lang='lat' dir='ltr'>eminus.</span> <span class='ocrx_word' id='word_1_295' title='bbox 1256 2349 1313 2389; x_wconf 84' lang='lat'>(4)</span> <span class='ocrx_word' id='word_1_296' title='bbox 1338 2349 1426 2391; x_wconf 87' lang='lat' dir='ltr'>Lege</span> <span class='ocrx_word' id='word_1_297' title='bbox 1442 2347 1579 2380; x_wconf 86' lang='lat' dir='ltr'>omnino</span> <span class='ocrx_word' id='word_1_298' title='bbox 1595 2350 1624 2379; x_wconf 83' lang='grc' dir='ltr'>ἱη</span> <span class='ocrx_word' id='word_1_299' title='bbox 1640 2350 1708 2380; x_wconf 76' lang='lat' dir='ltr'>dex·</span> 
     </span>
     <span class='ocr_line' id='line_1_44' title="bbox 391 2392 1708 2436; baseline 0.002 -14"><span class='ocrx_word' id='word_1_300' title='bbox 391 2398 477 2422; x_wconf 80' lang='lat' dir='ltr'>trum.</span> <span class='ocrx_word' id='word_1_301' title='bbox 524 2392 682 2424; x_wconf 78' lang='lat' dir='ltr'>Claudius</span> <span class='ocrx_word' id='word_1_302' title='bbox 699 2393 821 2425; x_wconf 80' lang='lat' dir='ltr'>sinistro</span> <span class='ocrx_word' id='word_1_303' title='bbox 839 2405 942 2425; x_wconf 87' lang='lat' dir='ltr'>cornu</span> <span class='ocrx_word' id='word_1_304' title='bbox 958 2394 1095 2425; x_wconf 85' lang='lat' dir='ltr'>hostium</span> <span class='ocrx_word' id='word_1_305' title='bbox 1117 2393 1284 2435; x_wconf 80' lang='lat' dir='ltr'>oppositus</span> <span class='ocrx_word' id='word_1_306' title='bbox 1301 2393 1542 2426; x_wconf 87' lang='lat' dir='ltr'>circumductas</span> <span class='ocrx_word' id='word_1_307' title='bbox 1555 2393 1623 2436; x_wconf 82' lang='lat' dir='ltr'>post</span> <span class='ocrx_word' id='word_1_308' title='bbox 1636 2393 1708 2424; x_wconf 87' lang='lat' dir='ltr'>suo·</span> 
     </span>
     <span class='ocr_line' id='line_1_45' title="bbox 392 2438 1706 2481; baseline 0.002 -15"><span class='ocrx_word' id='word_1_309' title='bbox 392 2447 466 2467; x_wconf 88' lang='lat' dir='ltr'>rum</span> <span class='ocrx_word' id='word_1_310' title='bbox 482 2438 584 2468; x_wconf 86' lang='lat' dir='ltr'>aciem</span> <span class='ocrx_word' id='word_1_311' title='bbox 599 2439 752 2471; x_wconf 81' lang='lat' dir='ltr'>cohortes</span> <span class='ocrx_word' id='word_1_312' title='bbox 765 2439 798 2470; x_wconf 91' lang='lat' dir='ltr'>in</span> <span class='ocrx_word' id='word_1_313' title='bbox 814 2439 976 2481; x_wconf 83' lang='lat' dir='ltr'>Hispanos</span> <span class='ocrx_word' id='word_1_314' title='bbox 994 2439 1071 2481; x_wconf 73' lang='lat' dir='ltr'>agit,</span> <span class='ocrx_word' id='word_1_315' title='bbox 1091 2439 1145 2479; x_wconf 84' lang='lat' dir='ltr'>qui</span> <span class='ocrx_word' id='word_1_316' title='bbox 1163 2439 1195 2469; x_wconf 89' lang='lat' dir='ltr'>in</span> <span class='ocrx_word' id='word_1_317' title='bbox 1214 2440 1330 2471; x_wconf 79' lang='lat' dir='ltr'>dextro</span> <span class='ocrx_word' id='word_1_318' title='bbox 1349 2439 1487 2471; x_wconf 79' lang='lat' dir='ltr'>hostiurn</span> <span class='ocrx_word' id='word_1_319' title='bbox 1504 2449 1607 2470; x_wconf 86' lang='lat' dir='ltr'>cornu</span> <span class='ocrx_word' id='word_1_320' title='bbox 1625 2449 1706 2481; x_wconf 88' lang='lat' dir='ltr'>pug-</span> 
     </span>
     <span class='ocr_line' id='line_1_46' title="bbox 391 2482 1704 2527; baseline 0.002 -15"><span class='ocrx_word' id='word_1_321' title='bbox 391 2482 524 2513; x_wconf 78' lang='lat' dir='ltr'>nabant.</span> <span class='ocrx_word' id='word_1_322' title='bbox 571 2484 627 2524; x_wconf 77' lang='lat'>(5)</span> <span class='ocrx_word' id='word_1_323' title='bbox 641 2485 745 2526; x_wconf 74' lang='lat' dir='ltr'>Supra</span> <span class='ocrx_word' id='word_1_324' title='bbox 763 2485 782 2515; x_wconf 92' lang='lat' dir='ltr'>l.</span> <span class='ocrx_word' id='word_1_325' title='bbox 803 2495 854 2515; x_wconf 91' lang='lat'>10.</span> <span class='ocrx_word' id='word_1_326' title='bbox 875 2496 902 2516; x_wconf 88' lang='lat' dir='ltr'>c.</span> <span class='ocrx_word' id='word_1_327' title='bbox 921 2485 971 2516; x_wconf 88' lang='lat'>28.</span> <span class='ocrx_word' id='word_1_328' title='bbox 993 2485 1033 2516; x_wconf 86' lang='lat' dir='ltr'>de</span> <span class='ocrx_word' id='word_1_329' title='bbox 1053 2485 1154 2516; x_wconf 80' lang='lat' dir='ltr'>Gallis</span> <span class='ocrx_word' id='word_1_330' title='bbox 1168 2484 1293 2523; x_wconf 85' lang='lat' dir='ltr'>itidem,</span> <span class='ocrx_word' id='word_1_331' title='bbox 1313 2493 1432 2527; x_wconf 82' lang='lat' dir='ltr'>corpora</span> <span class='ocrx_word' id='word_1_332' title='bbox 1458 2485 1704 2527; x_wconf 68' lang='lat' dir='ltr'>intolerantgffima</span> 
     </span>
     <span class='ocr_line' id='line_1_47' title="bbox 391 2528 1707 2574; baseline 0.005 -19"><span class='ocrx_word' id='word_1_333' title='bbox 391 2528 497 2558; x_wconf 78' lang='lat' dir='ltr'>laboris</span> <span class='ocrx_word' id='word_1_334' title='bbox 521 2535 603 2570; x_wconf 77' lang='lat' dir='ltr'>atque</span> <span class='ocrx_word' id='word_1_335' title='bbox 630 2531 722 2570; x_wconf 50' lang='lat' dir='ltr'>(estiis.</span> <span class='ocrx_word' id='word_1_336' title='bbox 768 2531 893 2562; x_wconf 85' lang='lat' dir='ltr'>Eorum</span> <span class='ocrx_word' id='word_1_337' title='bbox 921 2540 1061 2572; x_wconf 81' lang='lat' dir='ltr'>corpora</span> <span class='ocrx_word' id='word_1_338' title='bbox 1089 2543 1191 2574; x_wconf 82' lang='lat' dir='ltr'>magna</span> <span class='ocrx_word' id='word_1_339' title='bbox 1218 2533 1319 2573; x_wconf 80' lang='lat' dir='ltr'>magis,</span> <span class='ocrx_word' id='word_1_340' title='bbox 1338 2530 1518 2574; x_wconf 49' lang='lat' dir='ltr'>quamsit-ma</span> <span class='ocrx_word' id='word_1_341' title='bbox 1535 2529 1617 2561; x_wconf 83' lang='lat' dir='ltr'>dixit</span> <span class='ocrx_word' id='word_1_342' title='bbox 1633 2529 1657 2562; x_wconf 84' lang='lat' dir='ltr'>l.</span> <span class='ocrx_word' id='word_1_343' title='bbox 1673 2539 1707 2569; x_wconf 86' lang='lat'>5.</span> 
     </span>
     <span class='ocr_line' id='line_1_48' title="bbox 392 2574 547 2609; baseline 0.006 -7"><span class='ocrx_word' id='word_1_344' title='bbox 392 2582 422 2602; x_wconf 84' lang='lat' dir='ltr'>c.</span> <span class='ocrx_word' id='word_1_345' title='bbox 441 2582 496 2609; x_wconf 72' lang='lat'>44·</span> <span class='ocrx_word' id='word_1_346' title='bbox 511 2574 547 2604; x_wconf 85' lang='lat' dir='ltr'>E.</span> 
     </span>
    </p>
   </div>
   <div class='ocr_carea' id='block_1_8' title="bbox 1624 2646 1699 2687">
    <p class='ocr_par' dir='ltr' id='par_1_9' title="bbox 1624 2646 1699 2687">
     <span class='ocr_line' id='line_1_49' title="bbox 1624 2646 1699 2687; baseline -0.013 -10"><span class='ocrx_word' id='word_1_347' title='bbox 1624 2646 1699 2687; x_wconf 81' lang='lat' dir='ltr'>rat,</span> 
     </span>
    </p>
   </div>
  </div>
 </body>
</html>
