1834 3099
124 227 179 266 86
857 226 909 267 Τ.
955 221 1146 267 L1V11

356 343 494 383 Ionem
517 345 580 397 (7)
604 344 643 384 ὃς
663 342 710 385 Ρ.
730 340 939 384 Licinium
956 342 1160 392 Craffum,
1182 340 1410 383 maximum
1434 335 1692 397 pontificem.

356 401 519 442 Crassus
559 401 746 443 Licinius
787 416 863 442 nec
900 401 1056 450 consul,
1102 415 1178 442 nec
1216 410 1370 456 praetor
1406 402 1500 440 ante
1536 397 1690 448 fuerat,

356 460 481 514 quam
501 460 643 501 censor
663 460 720 501 est
755 459 906 502 fanus.
931 474 985 502 ex
1006 458 1200 501 aedilitate
1219 464 1243 514 ss
1264 460 1438 515 gradum
1460 459 1510 500 ad
1547 454 1692 498 censu-

356 533 444 558 ram
462 518 574 560 fecit.
635 520 718 561 Sed
741 519 783 560 hi
801 519 986 560 censores
1009 533 1143 574 neque
1167 518 1350 560 senatum
1374 520 1579 575 legerunt,
1612 528 1687 555 nec

357 577 578 632 quicquam
603 578 778 632 publicte
802 579 859 619 rei
881 587 1081 634 egerunt:
1112 592 1224 619 mors
1247 577 1311 632 (8)
1343 575 1508 621 diremit
1531 575 1579 614 L.
1602 573 1690 613 Ve-

357 637 467 677 turii.
493 638 586 677 inde
606 640 642 677 8(
669 637 855 678 Licinius
878 637 1047 678 censura
1079 637 1117 678 se
1153 633 1369 679 abdicavit.
1434 633 1595 676 AEdiles
1618 646 1689 674 cu—

356 697 465 736 rules
500 697 550 737 L.
574 696 776 737 Veturius
801 700 839 738 &
877 698 920 738 P.
945 695 1132 737 Licinius
1154 696 1293 738 Varus
1327 696 1447 736 ludos
1469 694 1685 735 Romanos

355 751 465 795 diem
501 769 630 796 unum
663 755 952 796 instaurarunt.
977 756 1136 796 JFdiles
1158 755 1287 810 plebis
1321 755 1375 810 Ω.
1401 753 1547 807 Catius
1571 752 1607 792 ἃ
1636 750 1686 792 L.

354 813 527 856 Porcius
563 813 736 855 Licinus
772 828 821 854 ex
848 819 864 866 Η
892 814 1145 855 mulctaticio
1167 824 1338 870 argento
1371 814 1480 869 ligna
1501 824 1615 852 aenea
1637 810 1688 851 ad

356 871 518 914 Cereris
541 873 688 913 dedere
707 888 716 912 ε
750 877 790 915 δε
814 873 950 922 ludos,
983 888 1057 929 pro
1079 873 1277 928 temporis
1299 873 1388 930 ejus
1405 868 1538 926 copia,
1572 882 1687 926 mag-

355 930 468 975 nifici
491 930 710 986 apparat&
731 930 935 974 fecerunt.

125 1013 237 1044 Laetim
254 1025 287 1042 α
419 990 516 1030 VII.
550 990 679 1030 Exitu
701 990 796 1030 anni
818 990 958 1047 hujus,
992 991 1056 1031 die
1073 999 1218 1045 quarto
1245 992 1282 1032 &
1308 989 1527 1038 tricefimo,
1559 987 1685 1042 quam

124 1058 274 1099 Hispa-aia
356 1047 404 1089 ab
423 1047 659 1090 Tarracone
681 1048 895 1103 profestus
918 1059 1019 1099 erat,
1051 1049 1100 1090 C.
1125 1050 1279 1095 Laelius
1300 1050 1459 1106 legatus
1479 1045 1686 1102 Scipionis

124 1105 245 1157 Romam
262 1117 311 1136 Ἦ*
355 1108 538 1148 Romam
574 1107 686 1149 venit
705 1123 715 1149 ;
748 1107 876 1162 isque,
909 1122 1005 1150 cum
1027 1108 1190 1166 agmine
1212 1108 1468 1164 captivorum
1490 1105 1687 1162 ingreffus

123 1155 176 1181 ''¹‘'
354 1165 517 1218 urbem,
566 1180 766 1222 magnum
806 1167 1054 1212 concursum
1087 1167 1306 1213 hominum
1339 1166 1452 1211 fecit.
1512 1164 1684 1211 Postero

354 1226 419 1275 die
442 1225 480 1266 in
505 1224 692 1266 senatum
714 1226 992 1277 introductus,
1025 1236 1186 1285 captam
1208 1225 1527 1283 Karthaginem,
1559 1234 1685 1280 caput

353 1283 579 1338 Hispaniae,
613 1298 695 1325 uno
713 1285 798 1335 die,
829 1285 1092 1341 receptasque
1107 1285 1263 1340 aliquot
1286 1284 1425 1337 urbes,
1456 1297 1549 1340 quae
1570 1281 1686 1330 defe-

352 1342 508 1394 cissent,
533 1342 734 1397 novasque
750 1344 791 1383 in
815 1342 1050 1385 societatem
1072 1344 1259 1394 adscitas,
1281 1343 1482 1400 exposuit.
1506 1343 1568 1384 Ex
1587 1357 1685 1398 cap—-

353 1401 444 1443 tivis
467 1411 677 1457 comperta
694 1401 757 1443 his
776 1402 862 1443 fere
883 1402 1168 1459 congruentia,
1200 1418 1293 1458 quae
1314 1403 1356 1444 in
1375 1401 1503 1451 literis
1519 1401 1684 1442 fuerant

350 1460 650 1516 (1)M.Valerii
671 1461 881 1511 Meffallae2
900 1461 1095 1510 Maxime
1113 1462 1240 1507 movit
1258 1464 1397 1513 Patres
1413 1459 1683 1510 Hasdrubalis

351 1519 540 1561 transitus
561 1519 603 1560 in
625 1520 802 1570 Italiam,
832 1521 899 1561 vix
930 1520 1156 1566 Hannibali
1177 1531 1300 1576 atque
1321 1520 1410 1577 ejus
1443 1520 1568 1561 armis
1589 1518 1683 1568 sub-

351 1577 553 1619 sistentem
571 1581 647 1635 (2).
710 1579 948 1621 Produtstus
973 1583 1010 1621 δε
1030 1580 1070 1620 in
1089 1580 1332 1629 concionem
1358 1578 1513 1625 Laelius
1534 1579 1680 1628 eadem

354 1642 370 1687 Π
389 1636 607 1677 edisseruit.
669 1636 845 1679 Senatus
866 1638 918 1680 ob
941 1652 1004 1680 res
1027 1638 1200 1680 feliciter
1221 1654 1244 1681 a
1264 1638 1312 1680 P.
1335 1637 1528 1693 Scipione
1549 1637 1682 1695 gestas

350 1695 689 1750 supplicationem
711 1696 752 1738 in
770 1711 900 1738 unum
923 1698 1033 1739 diem
1062 1698 1255 1739 decrevit.
1279 1698 1332 1741 C.
1354 1698 1531 1749 Laelium
1547 1697 1683 1753 primo

350 1768 517 1809 quoque
537 1764 739 1810 tempore,
771 1770 867 1797 cum
891 1753 1236 1811 quibus'venerat
1261 1756 1448 1807 navibus,
1477 1754 1611 1806 redire
1638 1756 1682 1797 in

350 1812 592 1868 Hispaniam
618 1813 742 1869 juffit.
806 1814 1076 1871 Karthaginis
1112 1815 1460 1872 expugnationem
1496 1814 1539 1865 in
1569 1814 1681 1867 hunc

349 1885 504 1912 annum
526 1873 700 1923 contuli,
731 1873 873 1915 multis
907 1873 1173 1924 auctoribus3
1203 1874 1314 1915 haud
1349 1873 1528 1926 nescius,
1559 1874 1682 1930 quos-

127 1949 167 1980 q,
187 1959 212 1979 c.
231 1958 308 1989 543-
352 1930 449 1980 dam
467 1931 562 1982 effe,
594 1931 666 1986 qui
679 1946 788 1972 anno
806 1932 1035 1987 insequenti
1050 1943 1211 1989 captam
1228 1933 1482 1974 tradiderint:
1500 1935 1678 1990 (3)quod

123 2004 149 2024 a.
171 1997 207 2026 c.
230 2003 304 2036 209.
351 1988 456 2029 mihi
485 1990 667 2043 minus†
688 1991 814 2037 fimile
850 1993 935 2032 veri
968 1991 1100 2032 visum
1141 1991 1216 2044 est,
1267 2005 1425 2033 annum
1469 1992 1679 2050 integrum

123 2060 329 2102 QFabiov.
350 2047 587 2102 Scipionem
625 2048 728 2090 nihil
760 2052 946 2105 gerundo
968 2051 1010 2092 in
1037 2050 1238 2106 Hispania
1259 2050 1558 2106 consumpfiffe.
1619 2052 1676 2109 Ω.

123 2106 295 2163 ‘ky-,Fulvio
350 2107 474 2148 Fabio
497 2107 688 2149 Maximo
711 2110 920 2162 quintum,
953 2109 1178 2168 QFulvio
1199 2109 1346 2159 Flacco
1366 2108 1562 2166 quartum
1579 2125 1679 2153 con-

120 2153 281 2185 u'COs‘·
349 2164 518 2217 sufibus,
566 2166 707 2207 Idibus
741 2168 922 2218 Martiis,
955 2183 1039 2223 quo
1074 2168 1139 2209 die
1171 2167 1454 2224 magistratum
1483 2170 1681 2223 inierunt,

348 2223 466 2266 Italia
487 2224 688 2277 ambobus
710 2226 921 2281 provincia
944 2229 1109 2270 decreta
1127 2243 1140 2282 3
1173 2228 1411 2285 regionibus
1432 2238 1571 2279 tamen
1586 2243 1681 2285 par.-

1549 2298 1673 2330 tltum

346 2402 542 2436 inserantur.
566 2402 603 2437 E.
647 2404 706 2452 (7)
731 2406 834 2438 Philus
854 2405 886 2438 δι
904 2407 990 2439 Philo
1015 2406 1144 2448 diversa
1161 2409 1391 2440 Romanorum
1408 2407 1605 2451 cognomina
1623 2409 1674 2440 fu-

346 2459 420 2525 ‹szrcz
443 2449 526 2482 illud
543 2448 634 2493 genti
652 2451 770 2491 Furiae,
792 2452 854 2484 hoc
865 2454 955 2495 genti
970 2453 1120 2485 Veturiae
1132 2453 1269 2496 aliisque
1281 2453 1504 2497 competebat.
1537 2454 1674 2496 (8)Vid.

362 2494 457 2536 upra.
472 2496 494 2528 l.
516 2507 545 2535 5.
562 2507 591 2528 c.
611 2507 664 2537 31·

392 2541 431 2572 C.
455 2550 486 2581 7.
508 2542 566 2583 (t)
579 2542 657 2574 Vid.
675 2542 775 2585 supra
797 2554 827 2576 c.
846 2553 876 2584 5.
922 2544 980 2586 (2)
997 2544 1018 2575 i.
1037 2556 1066 2577 e.
1085 2544 1141 2576 vix
1158 2555 1285 2588 parem.
1334 2546 1382 2579 lta
1395 2545 1519 2577 Brutus
1534 2545 1576 2577 ad
1595 2545 1668 2579 Cic.

346 2584 368 2615 l.
398 2595 453 2618 11.
471 2588 560 2619 Fam.
591 2590 650 2630 Ep.
677 2598 730 2620 10.
755 2590 879 2634 Non‚st
896 2590 1041 2622 Varronis
1067 2592 1207 2633 thesimros
1230 2591 1674 2636 baberm,fi14fistnesumptui

338 2631 451 2674 poffem.
501 2633 558 2674 (3)
585 2635 675 2678 Qod
686 2634 772 2676 saepe
790 2635 854 2666 hoc
868 2635 970 2667 modo
984 2643 1140 2680 ταςελκιι.
1186 2635 1275 2668 Ῐῃῐτὲ
1293 2637 1316 2667 l.
1336 2645 1392 2676 32.
1407 2648 1437 2670 c.
1454 2646 1512 2678 37.
1537 2639 1630 2682 Quod
1641 2646 1675 2670 ut

334 2676 410 2718 finis
424 2682 576 2719 apparuit,
597 2692 649 2710 non
664 2684 766 2712 taede're
782 2682 995 2722 bcllisenatum.
1010 2681 1033 2715 l.
1067 2691 1124 2723 29.
1143 2693 1173 2714 c.
1215 2693 1248 2720 4.
1278 2684 1368 2727 Quod
1379 2684 1427 2715 ube·
1442 2685 1569 2726 Scipioni
1595 2686 1674 2716 reta·
1723 2673 1727 2686 ι

343 2729 401 2754 lum
419 2723 472 2762 est,
493 2723 658 2766 cesti-vasula
675 2728 753 2757 tediis
771 2729 888 2768 equitem
905 2739 1000 2770 ogere.
1046 2727 1184 2761 Similite
1218 2727 1317 2771 supra
1335 2728 1355 2760 l.
1373 2727 1406 2762 6.
1422 2740 1451 2761 c.
1479 2738 1507 2769 7.
1538 2730 1569 2760 &
1587 2729 1676 2762 alibi.

1509 2779 1518 2815 (
1526 2775 1564 2817 4)
1581 2776 1669 2820 Lege
