1834 3099
344 138 380 181 L
397 139 415 181 1
431 140 463 181 B
487 140 520 181 E
536 141 576 182 R
630 141 811 183 XXVII.
861 140 896 181 C
917 142 952 182 A
968 141 1016 181 P.
1068 141 1165 183 VII.

1598 129 1649 196 87

93 254 216 296 titum
249 255 496 311 imperium:
527 258 678 300 Fabius
714 259 764 298 ad
797 257 1046 309 Tarentum,
1079 259 1280 301 Fulvius
1271 273 1312 299 m
1336 259 1369 299 1
1374 273 1419 299 u·
1441 269 1580 299 vain·
1563 280 1603 298 ιι

93 315 206 355 canis
235 329 280 356 ac
315 317 485 358 Bruttiis
506 331 594 358 rem
616 327 787 373 gereret.
849 318 914 357 M.
939 317 1116 358 Claudio
1152 328 1419 383 prorogatum
1442 316 1480 346 δ’
1496 318 1648 345 ‘x‘ffl'm-

89 371 135 412 in
170 388 324 414 annum
360 375 593 430 imperium
657 375 859 416 Praetores
895 374 1024 416 sortiti
1063 377 1321 455 provincias:
1367 377 1417 418 C.

92 430 296 473 Hostilius
318 433 513 476 Tubulus
542 433 756 484 urbanam,
789 433 837 473 L.
874 436 906 472 l
914 434 1069 475 eturius
1095 435 1120 475 Γ
1127 435 1151 474 l
1158 435 1211 475 iio
1239 436 1418 490 peregri·

94 503 191 530 narn
225 505 320 532 cum
356 493 511 542 Gallia,
541 493 597 534 Τ.
635 492 865 548 Qui116tius
894 493 1105 559 Crispinus
1135 493 1339 559 Capuam,
1371 493 1421 534 C.

95 549 407 593 Aurunculeius
444 551 685 593 Sardiniam.
747 550 962 595 Exercitus
1001 552 1055 593 ita
1084 566 1156 607 per
1190 552 1421 606 provincias

93 607 220 649 divisi.
284 609 429 650 Fulvio
449 610 542 651 duae
563 608 760 666 legiones,
792 623 894 664 quas
917 609 957 649 in
979 610 1117 651 Sicilia
1143 611 1242 651 M.
1242 610 1422 651 ‚alerius

94 664 289 708 Laevinus
321 667 516 709 haberet:
545 668 619 726 Q
638 667 778 717 Fabio,
812 667 962 722 quibus
996 669 1037 709 in
1068 669 1230 709 Etruria
1252 671 1303 711 C.
1326 669 1423 710 Cal-

93 726 266 780 purnius
307 726 541 781 praefuifl'et,
592 703 782 768 decretae'.
825 727 1040 768 Exercitus
1079 728 1259 768 urbanus
1294 738 1340 767 ut
1380 728 1423 767 in

93 785 301 825 Etruriam
331 785 590 826 succederet:
622 785 671 825 C.
695 784 946 840 Calpurnius
969 787 1102 827 eidem
1127 786 1308 841 praeeffet
1329 801 1424 840 pro·

91 843 237 885 vinciae
271 844 582 898 exercituique:
624 843 812 898 Capuam
846 845 1172 901 exercitumque,
1205 859 1330 900 quem
1367 846 1422 901 Q.

92 902 262 943 Fulvius
289 901 503 954 habuisset,
534 902 588 944 T.
610 902 840 960 Qindtius
871 903 1087 945 obtineret.
1150 907 1215 960 (4)
1245 903 1294 945 C.
1317 904 1425 945 Hos-

93 960 206 1002 tilius
240 960 290 1002 ab
322 960 372 1002 C.
393 961 575 1015 Iaetorio
606 973 855 1016 propraetore
887 963 1142 1018 provinciam
1175 962 1426 1004 exercitum-

94 1033 193 1076 que,
225 1019 297 1074 qui
329 1028 419 1060 tum
449 1021 536 1076 jam
567 1020 747 1061 Arimini
775 1031 877 1073 erat,
921 1022 1138 1077 acciperet.
1201 1023 1269 1064 M.
1308 1022 1427 1063 Mar-

92 1075 215 1129 cello,
246 1077 396 1134 quibus
428 1079 569 1121 consul
598 1078 702 1120 bene
724 1093 811 1120 rem
832 1079 1016 1135 gesserat,
1048 1083 1110 1136 (5)
1132 1080 1316 1137 legiones
1354 1082 1426 1122 de-

95 1148 233 1179 cretae.
276 1138 340 1179 M.
346 1138 515 1178 Valerio
537 1152 634 1179 curn
656 1138 706 1179 L.
710 1138 856 1179 Cincio
872 1138 953 1194 (his
970 1153 1136 1194 quoque
1158 1140 1216 1181 est
1238 1141 1348 1181 enirn
1363 1142 1426 1198 (6)

98 1207 367 1253 prorogatum
415 1197 457 1236 in
497 1197 637 1238 Sicilia
666 1197 906 1252 imperium)
944 1198 1169 1239 Cannensis
1220 1199 1426 1241 exercitus

97 1257 243 1296 datus:
274 1269 454 1310 eumque
490 1255 677 1311 supplere
706 1270 756 1296 ex
778 1256 994 1307 militibus,
1026 1257 1169 1311 quiex
1196 1258 1427 1315 legionibus

97 1315 180 1356 Cn.
210 1314 344 1355 Fulvii
375 1315 635 1379 superessent,
674 1314 782 1371 juffi.
845 1315 1107 1370 Conquifitos
1139 1330 1208 1357 eos
1240 1318 1427 1359 consules

95 1373 139 1413 in
152 1373 337 1415 Siciliam
359 1373 582 1414 miserunt:
614 1373 833 1428 additaque
850 1375 995 1414 eadem
1013 1374 1194 1416 militiae
1186 1376 1428 1442 ignominia,

94 1431 170 1472 sub
182 1446 263 1487 qua
278 1430 513 1473 Cannenses
538 1431 782 1482 militabant,
814 1433 967 1487 quique
990 1447 1039 1474 ex
1058 1436 1242 1488 praetoris
1264 1437 1329 1490 (7)
1345 1435 1424 1476 Cn.

81 1490 233 1532 *Fulvii
273 1491 474 1540 exercitu,
506 1490 560 1532 ob
581 1490 718 1532 similis
740 1497 764 1544 †
785 1491 887 1531 iram
922 1491 1048 1547 fugae,
1083 1491 1183 1533 miffi
1205 1507 1255 1533 eo
1287 1492 1354 1535 ab
1369 1493 1429 1535 se-

98 1560 199 1591 natu
236 1548 413 1590 fuerant.
477 1549 527 1591 C.
550 1550 838 1594 Aurunculeio
868 1551 1056 1592 eaedem
1047 1566 1089 1590 in
1111 1552 1299 1593 Sardinia
1328 1553 1430 1608 legi-

98 1622 218 1660 ones,
249 1608 398 1663 quibus
420 1610 464 1650 P.
483 1608 668 1650 Manlius
690 1608 821 1649 Vulso
851 1623 941 1650 eam
963 1610 1217 1665 provinciam
1240 1610 1431 1652 obtinue-

100 1678 179 1719 rat,
210 1668 400 1709 decretae.
461 1667 507 1709 P.
527 1668 727 1723 Sulpicio,
761 1671 823 1723 (8)
844 1669 986 1709 eadem
1012 1669 1172 1725 legione
1204 1670 1431 1725 eademque

100 1726 217 1769 claffe
237 1726 530 1768 Macedoniam
559 1727 745 1769 obtinere
756 1726 879 1784 jusso,
909 1738 1178 1785 prorogatum
1204 1729 1246 1768 in
1275 1743 1432 1770 annum

103 1861 160 1902 (4)
176 1862 265 1904 Lege
281 1862 323 1893 L.
346 1862 494 1899 Veturius,
516 1860 574 1903 qni
603 1859 746 1893 Galliam
764 1859 973 1904 provinciam
997 1862 1130 1894 sortsstus
1159 1863 1280 1901 fuerat,
1303 1869 1340 1894 ut
1358 1874 1435 1895 con·

106 1907 164 1939 stat
177 1915 249 1939 tum
265 1918 305 1939 ex
321 1906 360 1939 iis
376 1918 450 1949 quae
467 1907 566 1949 supra
583 1906 750 1939 habentur
762 1908 825 1939 hoc
843 1908 914 1949 ipso
932 1907 1050 1950 capite,
1074 1915 1146 1940 tum
1169 1919 1208 1939 ex
1222 1919 1248 1939 c.
1271 1918 1314 1940 10
1331 1909 1363 1940 δε
1383 1918 1436 1941 22.

106 1953 204 1984 infra.
250 1954 307 1994 (5)
323 1954 429 1995 Supra
447 1965 477 1985 c.
496 1962 529 1984 2.
556 1952 698 1995 legiones
721 1953 830 1995 prima
855 1955 886 1984 &
911 1953 1053 1984 secunda
1071 1953 1104 1983 in
1120 1953 1265 1985 exercitu
1279 1955 1435 1986 Marcelli

107 2006 347 2031 memorantur.
391 1997 482 2029 lnfrri
496 2000 619 2030 verbe.
640 2007 680 2030 12
695 1997 727 2028 δε
748 2008 799 2037 14.
828 1998 863 2029 in
888 1998 1033 2040 ejusdem
1058 1999 1264 2040 proconsulis
1290 2000 1435 2033 exercitu

107 2043 371 2076 duodevicesima
395 2044 427 2074 δε
446 2043 608 2076 vicesima.
657 2045 699 2075 Et
725 2051 836 2075 tamen
863 2044 894 2075 se
921 2042 1093 2082 militibus,
1114 2046 1237 2086 quibus
1259 2046 1323 2078 hoc
1347 2057 1436 2078 anno

110 2098 262 2133 pmcn-at,
285 2089 384 2121 etiam
412 2099 503 2120 anno
521 2088 721 2130 praecedenti
738 2088 915 2131 praefuiffe,
942 2090 1124 2122 Marcellus
1153 2091 1241 2123 infra
1263 2091 1388 2124 indicat
1406 2103 1437 2124 c.

110 2147 125 2167 1
135 2147 166 2176 3.
218 2135 294 2167 Haec
306 2135 586 2176 quemadmodum
599 2134 633 2166 in
648 2134 862 2167 concordiam
874 2134 1051 2177 redigenda
1068 2135 1143 2174 sint,
1153 2138 1304 2168 nondum
1321 2138 1438 2179 liquet.

107 2181 168 2223 (6)
190 2180 240 2212 Sic
255 2180 392 2223 Γυρτῑὶι
410 2190 427 2220 3
446 2190 473 2211 c.
490 2189 546 2219 50.
576 2182 633 2210 illis
649 2194 753 2223 quoque
780 2184 851 2212 enim
868 2181 981 2224 filias..
989 2182 1056 2224 ,effi
1105 2183 1163 2224 (7)
1177 2183 1342 2215 Triennlo
1362 2186 1438 2215 ante}

111 2227 198 2260 circa
211 2227 426 2258 Herdoneam
439 2225 480 2257 ab
496 2225 685 2257 Hannibale
699 2226 791 2259 victi.
807 2226 874 2258 vid.
890 2227 1021 2268 supral.
1040 2236 1093 2266 25.
1111 2240 1142 2261 c.
1158 2238 1213 2261 21.
1261 2229 1317 2269 (8)
1331 2232 1377 2261 At
1390 2230 1440 2261 su-

111 2273 209 2317 pral.
227 2274 279 2305 26.
298 2283 329 2304 c.
349 2272 401 2304 28.
427 2270 590 2313 Sulpicius
606 2274 762 2303 exercitum
783 2285 887 2304 omnem
911 2279 1026 2314 praeter
1041 2275 1132 2314 scios
1156 2276 1374 2318 nivelcsjuffus
1398 2278 1442 2306 di-

113 2323 226 2351 mittere
240 2318 292 2357 est,
314 2328 353 2349 ex
370 2316 530 2349 sententia
544 2316 683 2356 Laevini,
707 2317 763 2359 qui
780 2318 994 2360 exposuerat'
987 2329 1021 2349 m
1037 2321 1150 2352 senatu
1161 2322 1261 2363 legion
1259 2334 1292 2351 m
1309 2331 1348 2352 ex
1366 2322 1442 2353 Ma-

112 2363 251 2397 cedonia
268 2366 362 2394 deduci
373 2363 470 2407 pqffe:
486 2363 602 2414 claſj'em
616 2365 694 2405 fitis
722 2364 771 2407 ff
795 2367 837 2395 ad
857 2366 1008 2395 arcendum
1031 2365 1124 2396 Italici
1154 2379 1257 2409 regemn
1303 2367 1443 2398 Necnon

115 2411 203 2443 infra
215 2422 246 2442 c.
252 2419 307 2442 22.
321 2409 378 2441 ubi
397 2407 647 2451 provinciarum
664 2416 695 2440 et
713 2408 917 2441 exercituum
936 2420 1024 2441 anno
1045 2410 1193 2451 sequenti
1211 2411 1325 2443 divisio
1343 2414 1445 2444 refer-

112 2465 180 2495 tur,
203 2459 244 2488 P.
258 2457 353 2498 Salpia.
351 2468 396 2492 ·,ιο
418 2462 448 2485 ut
463 2454 555 2484 ecidem
571 2456 653 2496 else
671 2456 816 2486 Macedon
800 2458 877 2486 niam
904 2457 1103 2498 Graecimraque
1126 2465 1166 2495 pr
1169 2460 1225 2488 ovi
1225 2461 1265 2488 11:1'.
1269 2471 1308 2488 rm
1323 2459 1409 2489 haber
1411 2466 1448 2495 et,

110 2509 298 2545 prorogatum
311 2514 340 2531 m
356 2513 459 2531 annum
486 2503 635 2542 impen'um
650 2501 709 2540 est,
739 2501 830 2532 nulla
855 2500 991 2544 legionis
1014 2501 1181 2534 mennone
1207 2504 1307 2534 faeta.
1356 2503 1447 2535 Hinc

115 2547 262 2585 videtur,
287 2547 338 2579 vel
358 2545 492 2579 Livium
517 2546 579 2578 hoc
598 2546 671 2578 loco
689 2546 930 2580 hallucinatum
946 2546 1019 2586 ess'e,
1043 2548 1093 2581 vel
1116 2549 1184 2591 ejus
1204 2548 1356 2585 librarios
1374 2560 1448 2592 pec-

122 2593 211 2625 caffe.

1230 2638 1450 2694 imperium
