1840 3094
403 203 633 245 LIBER
666 204 787 246 XXI.
838 206 995 250 CAP.
1031 206 1234 249 XXXIX.

170 319 241 374 qui
265 320 385 362 ambo
402 321 524 362 saltus
546 337 642 362 eum
675 337 757 363 non
788 323 828 363 in
865 323 1088 373 Taurinos,
1121 325 1188 366 sed
1219 339 1292 381 per
1318 323 1491 366 Salassos

169 390 388 422 montanos
410 382 460 422 ad
486 381 641 421 Libuos
659 384 723 437 (9)
756 383 900 423 Gallos
932 383 1199 424 deduxissent.
1263 384 1354 424 Nec
1385 382 1492 424 veri-

169 437 296 478 simile
310 439 382 488 est,
414 454 461 480 ea
479 451 567 479 tum
582 441 631 479 ad
649 441 828 481 Galliam
845 445 938 496 (10)
953 442 1119 495 patuifl'e
1134 443 1279 482 itinera
1296 458 1308 490 ;
1329 441 1490 496 utique,

170 511 263 550 quae
286 500 336 539 ad
358 498 564 538 Peninum
587 498 744 549 ferunt,
787 499 953 553 obsepta
976 500 1169 555 gentibus
1199 501 1491 555 semigerman-

169 555 202 595 is
221 558 313 610 (11)
345 556 521 598 fuissent.
554 571 702 611 neque,
725 559 925 610 Hercule,
957 559 1168 600 montibus
1199 559 1264 598 his
1287 560 1330 606 (fi
1363 572 1488 613 quem

168 613 273 655 forte
292 616 351 671 id(
363 631 377 659 1
389 621 430 671 2)
444 619 597 671 movet)
612 617 660 656 ab
678 617 844 657 transitu
853 618 1082 657 Poenorum
1098 619 1182 657 ullo
1198 617 1490 673 (13)Veragri‚

168 673 313 716 incolae
331 675 421 731 jugi
437 676 542 730 ejus,
559 686 712 715 norunt
734 690 886 716 nomen
905 676 1081 716 inditum
1105 693 1117 725 ;
1151 676 1218 716 sed
1241 676 1290 716 ab
1307 689 1356 716 eo
1379 679 1487 732 (14),

168 747 309 786 quem,
342 734 384 774 in
407 733 568 774 summo
606 734 806 775 sacratum
836 735 1006 788 vertice,
1062 735 1270 776 Peninum
1302 734 1491 776 montani

169 793 391 846 appellant.

224 850 428 891 XXXIX.
463 852 776 906 Peropportune?
798 852 847 892 ad
875 851 1074 907 principia
1108 865 1248 892 rerum
1274 851 1488 902 Taurinis,

165 910 364 963 proximae
393 911 523 965 genti,
575 910 766 951 adverstis
788 910 978 952 Insubres
1001 921 1163 951 motum
1192 910 1349 950 bellum
1385 921 1485 952 erat.

165 967 231 1008 sed
255 983 410 1009 armare
432 968 659 1009 exercitum
683 969 912 1020 Hannibal,
957 980 1002 1010 ut
1039 970 1144 1024 parti
1181 969 1299 1009 alteri
1333 970 1487 1010 auxilio

163 1027 274 1077 effet,
290 1029 350 1082 (in
373 1027 596 1069 reficiendo
612 1027 790 1068 maxime
814 1028 1054 1068 sentientem
1072 1032 1133 1083 (1)
1156 1027 1368 1069 contrana
1390 1025 1487 1069 ante

164 1087 288 1141 mala)
303 1101 386 1128 non
406 1097 577 1140 poterat.
591 1088 722 1127 otium
737 1087 889 1127 etenim
904 1102 953 1127 ex
968 1088 1119 1136 labore,
1134 1087 1251 1156 copia
1265 1101 1315 1127 ex
1333 1087 1486 1142 inopia,

163 1147 300 1186 cultus
328 1160 378 1186 ex
409 1146 546 1186 illuvie
581 1146 772 1200 tabeque,
804 1142 986 1200 squalida
1014 1157 1053 1186 et
1075 1161 1202 1201 prope
1233 1146 1400 1186 efferata
1422 1148 1486 1201 (2)

1657 224 1714 266 45

1605 1044 1631 1094 †

162 1219 335 1259 corpora
357 1205 464 1245 varie
484 1205 716 1246 movebant.
792 1205 849 1245 Ea
887 1208 930 1247 P.
969 1206 1164 1246 Cornelio
1187 1205 1343 1245 consuli
1365 1204 1484 1245 causa
1506 1233 1618 1265 Com„
1580 1234 1716 1282 eiluscff

161 1262 256 1312 suit,
290 1278 422 1317 quum
456 1263 563 1304 Pisas
599 1264 769 1304 navibus
806 1264 989 1315 xeniffet‚
1037 1264 1220 1304 exercitu
1258 1279 1280 1303 a
1322 1264 1482 1304 Manlio
1501 1280 1654 1316 eiobvicm

163 1322 266 1363 Atili
270 1325 427 1376 oque(3
436 1328 625 1376 )accepto
648 1323 797 1374 tirone,
814 1335 854 1362 et
871 1322 912 1361 in
928 1323 1043 1363 novis
1067 1324 1206 1378 ignom
1198 1323 1306 1363 iniis
1328 1325 1484 1376 (4)tre-
1503 1327 1598 1362 veuit

160 1381 272 1434 pido,
305 1382 356 1421 ad
378 1381 536 1421 Padum
560 1381 806 1430 festinandi3
844 1391 890 1421 ut
916 1397 1012 1422 curn
1046 1382 1157 1421 holt:
1197 1381 1385 1421 nondum
1422 1396 1486 1422 re-

159 1438 272 1480 fe&o
295 1454 463 1480 manum
487 1439 727 1480 consereret.
753 1440 818 1480 sed
845 1455 941 1480 cum
970 1440 1223 1480 Placentiam
1254 1439 1395 1481 consul
1416 1454 1487 1482 ve-

158 1499 233 1546 nit,
259 1500 346 1554 jam
377 1513 426 1538 ex
462 1498 614 1538 stativis
647 1508 829 1538 moverat
850 1499 1087 1548 Hannibah
1119 1498 1486 1553 Taurinorumque

157 1571 282 1598 unam
326 1557 485 1605 urbem,
517 1566 641 1611 caput
681 1558 815 1612 gentis
855 1559 958 1613 ejus,
1005 1558 1101 1612 quia
1134 1558 1308 1599 volentis
1339 1560 1403 1614 (3)
1442 1558 1487 1599 in

155 1616 379 1657 amicitiam
420 1631 503 1656 non
544 1616 777 1664 veniebant,
809 1616 847 1656 vi
889 1626 1169 1671 expugnarat:
1207 1616 1487 1672 junxiss'etque

157 1675 243 1724 fibi,
276 1690 358 1716 non
381 1686 494 1717 metu
518 1675 666 1725 solum,
702 1675 769 1715 sed
811 1675 935 1715 etiam
971 1676 1200 1728 voluntate,
1238 1675 1385 1717 Gallos
1417 1691 1487 1717 ac-

157 1736 267 1777 colas
299 1735 430 1785 Padi;
460 1734 503 1774 ni
543 1748 630 1787 eos,
673 1733 1064 1790 circumspectantes
1100 1733 1349 1777 defestionis
1381 1744 1487 1776 tem-

1389 1808 1488 1850 Pus»

153 1914 268 1956 jugum
281 1911 441 1954 nusquam
459 1912 616 1944 occurrit.
677 1912 791 1956 Qare
820 1913 999 1955 legendum
1023 1911 1159 1946 videtur
1190 1912 1348 1944 centronis.
1398 1914 1483 1945 San&

155 1959 244 1991 ha..d
262 1958 380 2000 procul
404 1969 422 1990 a
441 1958 866 2000 Peniuojugoincolebant
891 1961 1090 1997 Ceutrones,
1137 1958 1284 1990 Gallicus
1317 1959 1484 2001 populusg

155 2005 187 2036 ἀ
216 2007 443 2036 Centronicarum
461 2004 590 2047 Alpium
608 2004 735 2035 Plinius
758 2007 961 2036 ment³onem
986 2004 1064 2036 facit
1094 2005 1118 2035 l.
1139 2015 1232 2036 11.c.
1250 2014 1302 2042 42.
1350 2006 1407 2046 (9)
1431 2006 1484 2039 De

155 2051 258 2082 Libuis
275 2050 343 2081 vid.
362 2050 461 2092 supra
479 2050 502 2083 l.
517 2060 549 2089 5.
565 2061 596 2081 c.
613 2060 669 2089 35.
718 2051 799 2092 (10)
815 2051 945 2092 Nempe
959 2050 1174 2093 Cisalpinam.
1223 2050 1255 2089 (ι
1270 2052 1304 2090 ι)
1320 2050 1482 2092 Populos,

154 2097 212 2138 qui
230 2097 271 2128 ad
289 2097 387 2138 Alpes
405 2095 544 2128 Peninas
561 2095 724 2132 habitant,
737 2096 963 2139 fi’mrgermanos
981 2107 999 2127 a
1018 2096 1116 2128 leio
1130 2094 1255 2133 vocari,
1267 2095 1347 2137 quia
1363 2106 1482 2129 eorum

153 2142 265 2184 lingua
284 2145 538 2180 Germanorum,
560 2145 662 2183 quam
694 2142 880 2180 Gallorum,
902 2142 1042 2173 sermoni
1060 2142 1124 2174 fuit
1150 2141 1300 2185 propior,
1322 2141 1482 2174 existimat

152 2187 339 2221 Cluverius.
383 2188 462 2229 (12)
486 2188 517 2219 h.
533 2199 560 2219 e.
583 2187 617 2219 id
641 2198 775 2228 quoque
788 2196 1030 2229 argumentum,
1045 2189 1135 2229 quod
1153 2187 1268 2219 Livius
1282 2187 1349 2229 jam
1361 2186 1483 2220 afferre

154 2234 271 2276 pergit,
295 2245 413 2276 nempe
428 2233 552 2265 incolas
566 2233 634 2275 ejus
647 2232 715 2275 jugi
734 2233 841 2265 testari
858 2244 980 2264 nornen
1003 2232 1149 2264 inditum
1166 2244 1234 2264 non
1258 2244 1277 2265 a
1301 2235 1482 2266 Poenorum

150 2279 300 2317 transitu,
312 2280 364 2311 sed
377 2291 395 2311 a
407 2279 534 2310 Penino
550 2280 622 2310 deo.
639 2281 676 2311 E.
692 2279 724 2320 (ι
735 2280 773 2319 3)
790 2281 855 2310 Pro
871 2281 1003 2321 Veragri
1018 2279 1155 2310 omnino
1167 2278 1343 2321 legendum
1359 2279 1482 2311 Seduno-

152 2329 282 2367 Vemgri
299 2337 307 2363 3
334 2333 369 2357 ut
383 2336 422 2357 ex
434 2324 584 2356 monstris
601 2324 754 2356 codicum
767 2324 978 2365 scriptorum,
993 2325 1049 2365 sed
1068 2337 1122 2356 uno
1147 2326 1198 2355 vel
1209 2327 1276 2355 acri
1302 2325 1481 2366 praeferen-

151 2371 247 2408 tium,
258 2371 371 2412 liquet.
401 2372 549 2402 Sedunos
566 2370 598 2400 Sc
611 2371 776 2412 Veragros
790 2372 875 2401 ?nter
891 2378 1003 2411 gentes
1017 2369 1157 2412 Alpinas
1173 2377 1350 2401 numerant
1364 2369 1482 2409 Caesar,

150 2416 288 2455 Plinius,
299 2416 434 2458 aliique.
453 2416 550 2448 Unde
562 2416 797 2458 Seduno-Veragr
808 2418 830 2452 i,
842 2423 877 2446 ut
890 2414 1060 2453 Celtiberi,
1069 2415 1317 2458 Tauroscythae.
1336 2416 1416 2458 (¹14)
1426 2417 1479 2449 Sc.

148 2465 235 2501 Deo,
258 2463 310 2494 vel
324 2463 438 2496 heroe.
486 2462 549 2494 Sed
577 2461 803 2504 &legendum
823 2460 958 2493 videtur
973 2474 994 2494 a
1013 2463 1103 2500 De03
1141 2470 1228 2494 unus
1259 2461 1347 2494 enim
1375 2463 1481 2495 codex

152 2509 254 2543 habet
273 2512 316 2540 ad
326 2523 367 2541 eo.

198 2574 238 2605 C.
267 2582 322 2614 39.
348 2572 405 2614 (1)
429 2573 497 2616 Q?
512 2571 683 2604 contradta
699 2571 733 2603 in
748 2570 885 2603 transltu
904 2571 1041 2616 Alpium
1056 2571 1141 2604 mala
1154 2579 1226 2605 tum
1253 2571 1392 2604 maxime
1409 2571 1482 2605 sen-

150 2618 266 2656 tiebat,
281 2630 383 2660 quum
400 2619 430 2650 se
443 2619 576 2651 reficere
591 2625 782 2650 conaretur.
811 2618 869 2659 (2)
881 2620 987 2661 Supra
1002 2618 1023 2650 l.
1046 2627 1078 2652 2.
1089 2629 1118 2650 c.
1139 2628 1192 2659 23.
1208 2619 1339 2662 promg'ffa
1349 2619 1440 2649 barba
1453 2623 1482 2649 et

149 2666 254 2706 mpslli
267 2667 464 2706 effiraverant
484 2667 605 2707 speciem
631 2666 702 2696 oris.
747 2664 805 2706 (3)
828 2664 1043 2697 Praetoribus.
1086 2665 1145 2706 (4)
1167 2665 1322 2707 Acceptis
1336 2674 1444 2706 nuper
1460 2674 1481 2695 a

153 2710 253 2742 culis
268 2711 424 2749 cladibus,
433 2711 449 2742 s
451 2711 532 2753 upra
548 2720 577 2742 c.
593 2718 651 2750 25.
680 2709 737 2752 (5)
749 2709 783 2742 h.
795 2720 929 2753 e-quum
945 2710 1046 2745 vellet
1063 2710 1304 2744 Hannibalem
1320 2709 1354 2742 in
1367 2708 1481 2760 amici-

1398 2763 1483 2786 Ham
