1834 3099
809 196 861 238 T.
893 193 1100 238 LIVII

345 319 428 375 gari
460 316 598 367 essent,
629 314 719 369 vagi
749 328 820 370 per
851 313 996 364 castra,
1027 312 1129 352 alius
1165 309 1258 362 alia,
1291 308 1430 350 aditus*
1454 307 1671 364 exitusque

347 391 508 429 omnes,
541 375 659 416 situm
685 369 942 426 formamque
966 374 1005 412 &
1040 369 1320 411 universorum
1353 369 1595 421 castrorum,
1629 367 1670 409 &

349 436 543 491 partium,
576 434 656 488 qua
671 432 811 483 Poeni,
844 433 922 486 qua
938 430 1132 471 Numidae
1156 427 1352 469 haberent
1369 429 1447 481 (2),
1471 437 1673 482 quantum

350 493 550 535 intervalli
573 493 678 532 inter
700 489 966 531 Hasdrubalis
987 504 1033 530 ac
1061 488 1170 543 regia
1191 485 1318 527 castra
1354 486 1464 538 effet,
1495 486 1677 541 specula-

349 563 519 595 rentur:
551 563 792 604 moremque
816 548 931 588 fimul
953 548 1163 588 noscerent
1185 544 1403 586 stationum
1426 545 1679 600 vigiliarum-

353 626 459 666 que:
490 610 630 660 nodie,
662 623 711 650 an
735 608 913 648 interdiu
933 613 958 660 †
977 605 1290 662 opportuniores
1318 602 1520 643 insidianti
1540 603 1678 643 essent.

353 672 407 712 Et
429 671 535 710 inter
555 667 696 710 crebra
719 666 923 721 colloquia
952 667 1018 705 alii
1040 676 1160 719 atque
1183 663 1250 703 alii
1273 664 1322 702 de
1352 661 1563 710 industria,
1595 673 1678 715 quo

354 729 541 786 pluribus
564 727 699 769 omnia
728 736 825 767 nota
856 726 994 774 effent,
1027 723 1306 763 mittebantur.
1369 720 1514 779 Qum
1537 719 1682 775 saepius

357 789 508 841 agitata
540 801 604 827 res
641 787 856 827 certiorem
892 783 1000 838 spem
1035 782 1143 837 pacis
1167 782 1206 821 in
1240 781 1325 822 dies
1361 781 1397 820 8<
1433 777 1610 835 Syphaci
1642 779 1682 818 δε

359 841 767 901 Karthaginiensibus
787 857 859 897 per
880 857 975 882 eum
998 841 1174 890 faceret3
1209 839 1330 896 legati
1350 837 1533 878 Romani
1553 838 1688 878 vetitos

360 906 552 959 [ereverti
571 904 623 943 ad
638 906 898 955 imperatorem
916 901 1047 952 aiunt,
1079 899 1146 954 713st
1164 908 1305 939 certum
1328 897 1530 953 refimnsitm
1561 896 1685 937 detur.

349 958 544 1014 'Proimlcg
564 962 638 1020 stu
670 959 735 1016 ilfi
756 966 770 1011 Η
780 960 907 1016 staret
924 961 1014 1014 jam
1030 959 1217 1013 sententia
1253 960 1332 1012 (3),
1350 957 1420 1011 seu
1450 954 1687 1010 cotfitlendus

363 1021 588 1076 Hasdrubal
627 1019 679 1061 {5³
714 1018 1048 1073 Karthaginietfis
1080 1018 1199 1073 effint,
1250 1015 1459 1070 consuleret.
1523 1013 1690 1069 Tempus

363 1071 440 1136 effi’,
471 1088 538 1119 aut
549 1090 675 1132 pacem
696 1078 866 1131 co·rp0ni,
897 1088 964 1116 aut
984 1067 1113 1115 bellm'n
1134 1075 1287 1114 naviter
1293 1075 1390 1129 geri.
1454 1072 1569 1113 Dum
1591 1085 1692 1113 con-

365 1133 510 1180 sulitur
527 1136 759 1178 Hasdrubal
795 1135 845 1175 ab
880 1134 1085 1190 Syphace,
1117 1132 1166 1174 ab
1195 1131 1452 1174 Hasdrubale
1471 1130 1694 1186 Karthagi-

365 1197 552 1245 nienses,
585 1197 623 1236 &
644 1195 915 1249 speculatores
933 1193 1071 1233 omnia
1092 1191 1260 1241 visendi,
1295 1194 1330 1233 ἃ
1353 1189 1493 1245 Scipio
1513 1189 1562 1230 ad
1580 1202 1695 1230 com-

367 1257 548 1313 paranda
568 1268 629 1303 ea,
663 1269 753 1308 quae
781 1253 822 1292 in
849 1258 863 1304 Η
896 1266 983 1292 rem
1015 1262 1145 1300 erant,
1179 1260 1341 1305 ternpus
1375 1249 1533 1290 habuit.
1568 1251 1609 1290 &
1644 1261 1694 1288 ex

369 1315 579 1356 mentione
621 1327 668 1353 ac
703 1312 769 1367 spe
806 1311 916 1366 pacis
945 1309 1207 1366 negligentia,
1241 1320 1286 1349 ut
1318 1308 1378 1353 fit,
1411 1309 1519 1363 apud
1541 1307 1696 1348 Poenos

369 1373 684 1426 Numidamque
718 1380 804 1411 orta
828 1370 1014 1419 cavendi,
1047 1383 1098 1409 ne
1132 1368 1231 1423 quid
1253 1367 1396 1408 hostile
1429 1366 1593 1407 interim
1627 1379 1700 1420 pa-

371 1441 568 1473 terentur.
629 1430 820 1470 Tandem
843 1429 1016 1469 relatum
1039 1427 1291 1482 responsum,
1324 1425 1565 1481 quibusdam
1587 1423 1701 1478 (quia

371 1491 496 1532 nimis
521 1503 670 1544 cupere
693 1489 910 1529 Romanus
945 1501 1087 1542 pacem
1109 1485 1337 1540 videbatur)
1367 1483 1517 1539 iniquis
1540 1497 1611 1539 per
1632 1496 1703 1523 oc-

372 1550 575 1591 casionem
611 1547 810 1603 adje&is;
861 1560 954 1600 quae
995 1543 1298 1600 peropportune
1333 1543 1514 1598 cupienti
1557 1542 1704 1583 tollere

372 1607 560 1650 inducias
595 1604 1004 1659 Scipioni†causam
1043 1604 1266 1658 praebuere.
1303 1617 1349 1643 ac
1393 1601 1543 1642 nuncio
1579 1599 1704 1656 regis,

375 1680 506 1720 quum
528 1665 751 1705 relaturum
767 1663 805 1704 se
833 1664 882 1702 ad
903 1662 1115 1703 consilium
1152 1661 1323 1710 dixisset,
1356 1659 1516 1715 postero
1552 1659 1617 1700 die
1639 1672 1705 1700 re-

376 1724 555 1779 spondit,
592 1723 634 1762 δε
655 1738 726 1763 uno
741 1722 900 1779 flustra
935 1721 1117 1770 tendente,
1149 1722 1245 1760 nulli
1271 1721 1339 1759 alii
1363 1731 1492 1773 pacem
1514 1719 1700 1776 placuff’.

377 1784 640 1824 ,Renunciaret
682 1783 818 1835 igilur,
867 1780 1010 1820 nullam
1041 1780 1157 1819 aliam
1176 1779 1284 1835 spem
1308 1779 1428 1832 pacis,
1479 1777 1594 1832 quam
1645 1793 1705 1817 re-

377 1843 478 1882 lifflis
511 1838 904 1894 Karthaginietfibus,
955 1837 1112 1894 Syphaci
1146 1854 1228 1878 cum
1268 1837 1454 1877 Romanis
1486 1837 1561 1893 effi.
1641 1836 1705 1876 Ita

379 1901 486 1940 tollit
519 1898 720 1948 inducias,
752 1908 796 1937 ut
829 1899 891 1951 (4)
923 1897 1048 1936 libera
1085 1896 1164 1936 fide
1202 1897 1364 1950 incepta
1391 1895 1708 1950 exsequeretur:

381 1957 650 2010 deductisque
666 1955 835 1996 navibus
857 1956 917 2009 (ἃ
934 1956 1020 2011 jam
1043 1956 1148 1995 veris
1165 1953 1413 2011 principium
1428 1960 1530 2008 erat)
1553 1953 1710 1994 machi-

382 2032 455 2058 nas
478 2025 782 2068 tormentaque,
812 2015 925 2054 velut
954 2029 975 2053 a
1003 2013 1104 2053 mari
1127 2013 1381 2069 aggressurus
1412 2013 1600 2063 Uticam,
1633 2013 1710 2052 im-

382 2076 512 2130 ponit.
577 2073 627 2113 Et
650 2074 732 2113 duo
770 2072 895 2112 millia
918 2072 1095 2113 militurn
1116 2074 1166 2113 ad
1188 2071 1450 2125 capiendum,
1483 2085 1606 2126 quem
1638 2085 1724 2112 anm

383 2145 448 2174 tea
467 2141 668 2181 tenuerat,
701 2132 909 2171 tumulum
933 2130 1051 2185 super
1071 2130 1245 2171 Uticam
1276 2129 1425 2170 mittit:
1458 2130 1572 2170 simul
1594 2140 1639 2170 ut
1660 2129 1709 2169 ab

384 2205 449 2241 eo,
482 2192 592 2246 quod
611 2189 792 2243 parabat,
824 2190 866 2229 in
888 2190 1053 2230 alterius
1083 2189 1141 2229 rei
1173 2203 1313 2229 curam
1344 2198 1600 2230 converteret
1620 2187 1713 2228 hos-

385 2251 489 2291 tium
526 2249 712 2289 animos:
745 2249 860 2288 simul
897 2262 948 2289 ne
988 2262 1083 2302 qua,
1130 2261 1259 2302 quum
1296 2246 1379 2302 ipse
1402 2248 1451 2287 ad
1479 2247 1710 2304 Syphacem

384 2367 528 2398 orilinihm
545 2368 670 2410 Imperat
688 2366 747 2398 Sec.
765 2368 826 2397 Sex
837 2373 946 2398 autem
961 2365 1085 2409 singulae
1104 2363 1223 2408 legioni
1241 2373 1336 2397 erant
1356 2364 1712 2407 primorumordinrm

384 2413 618 2444 centuriones:
638 2413 705 2443 duo
735 2412 834 2454 primi
863 2411 934 2453 pili,
955 2410 1023 2443 duo¹
1049 2411 1146 2453 primi
1163 2412 1335 2454 principes,
1362 2413 1428 2442 duo
1464 2411 1562 2452 pximi
1586 2412 1716 2443 hastati.

383 2459 485 2497 (2)H.
501 2469 528 2489 e.
546 2458 734 2489 habitarent
777 2459 861 2488 Infra
891 2457 901 2487 l
933 2466 985 2495 32.
999 2469 1027 2488 C.
1051 2467 1101 2494 14.
1133 2459 1275 2488 Deilidare
1287 2459 1491 2498 deincepsstst,
1508 2460 1557 2499 qui
1572 2461 1712 2500 Argenta,

384 2507 483 2544 quique
503 2505 682 2534 Pherinum..
692 2505 816 2534 ,habeam
840 2502 980 2534 Codices
995 2511 1102 2534 tamen
1122 2502 1268 2543 quidam,
1288 2515 1362 2544 quas
1377 2505 1468 2540 Pani,
1483 2515 1555 2544 quas
1570 2503 1712 2536 Numidae

381 2550 514 2578 habereut
548 2550 636 2589 qnod
655 2548 787 2579 sortasse
800 2547 924 2579 melius.
975 2549 1033 2589 (3)
1057 2548 1190 2590 bupple,
1206 2549 1299 2579 daret
1315 2547 1419 2578 statim
1437 2547 1637 2589 responsum,
1659 2549 1716 2581 vd

382 2593 471 2623 aliud
488 2593 566 2632 quid
583 2593 693 2624 simile.
737 2594 815 2625 Vid.
833 2596 852 2634 †
870 2594 990 2637 Ellistfis
1003 2595 1094 2630 verbi,
1117 2594 1164 2624 uln·
1180 2593 1241 2624 δίε.
1286 2592 1440 2636 [Mallem
1455 2591 1710 2636 subintelligere,

382 2638 447 2669 hene
463 2638 533 2681 effe,
563 2638 665 2681 ellipfi
694 2638 726 2671 δε
745 2638 863 2671 Graecis
878 2639 909 2670 8<
927 2637 1053 2671 Latinis
1071 2637 1200 2670 usitatP..
1217 2637 1272 2682 E.)
1318 2638 1374 2680 (4)
1392 2639 1439 2669 lta
1452 2639 1464 2678 ᾗ
1477 2639 1601 2669 liberare
1611 2639 1702 2682 fidem

1337 2698 1715 2756 Hasdrubalemque
