1840 3094
420 188 457 232 L
473 187 493 231 1
510 188 592 230 BE
610 189 652 229 R
684 185 826 229 XXII.
879 190 916 231 e
936 189 975 229 A
992 187 1038 230 P.
1073 188 1150 229 111.
1631 187 1690 257 ⁸3

122 307 364 358 cubuissent,
395 309 502 348 inter
537 307 745 372 jumenta3
775 314 816 346 et
856 304 940 359 ipsa
972 305 1150 360 jacentia
1170 301 1327 360 passim,
1359 316 1449 346 mo-

121 366 287 406 rientes.
336 365 597 420 maximeque
634 366 823 406 omnium
863 364 1014 419 vigiliae
1055 364 1344 414 conficiebant,
1375 378 1448 419 per

119 426 387 478 quatriduum
414 427 501 481 jam
523 434 564 464 et
585 434 666 465 tres
703 423 1059 464 110&estoleratae.
1121 423 1286 480 Qum,
1308 423 1446 463 omnia

118 483 402 525 obtinentibus
436 483 570 537 aquis,
602 482 720 533 nihil,
754 482 824 523 ubi
864 481 908 521 in
948 481 1052 522 ficco
1092 480 1188 522 feffa
1220 481 1446 522 sternerent

118 555 305 596 corpora,
337 542 509 582 inveniri
542 542 685 596 pofl’et,
716 540 969 582 cumulatis
959 555 1001 580 111
1024 554 1149 595 aquas
1182 539 1348 581 sarcinis
1382 541 1446 580 in-

118 599 238 654 super
272 601 577 642 incumbebant.
623 602 913 656 jumentorum
954 599 1100 639 itinere
1139 608 1227 639 toto
1269 599 1446 654 prostra-

117 668 254 699 torum
276 660 414 714 passim
428 659 562 700 acervi
578 661 741 699 tantum
761 661 844 714 (7),
875 659 987 713 quod
1006 658 1180 698 exstaret
1196 660 1316 712 aqua,
1332 673 1445 712 quse-

115 718 301 759 rentibus
321 720 372 759 ad
394 718 575 772 quietem
612 718 725 773 parvi
765 717 963 772 temporis
999 717 1266 757 necessarium
1309 717 1443 757 cubile

116 775 282 817 dabant.
342 777 432 831 Ipse
453 777 678 826 Hannibal,
710 790 819 832 aeger
854 776 986 817 oculis
1022 790 1072 815 ex
1100 789 1224 816 verna
1258 776 1440 830 primum
1459 760 1670 841 Ξῗὲὄῖζηὶ

116 834 358 890 intemperie
374 835 553 876 variante
577 839 638 892 (8)
662 837 816 876 calores
838 834 1091 890 frigoraque,
1117 834 1352 889 elephanto,
1370 835 1441 889 qui
1459 856 1505 884 m

116 907 222 934 unus
245 894 516 949 1upr2rfuerat,
529 909 611 949 quo
634 894 757 935 altius
778 893 828 935 ab
843 909 947 948 aqua
969 897 1031 949 (9)
1052 894 1241 943 exstalet,
1263 894 1437 935 veems·
1427 924 1442 943 ,

112 952 262 1008 vigiliis
302 955 470 994 tandem
511 964 552 993 et
591 953 799 993 ηοᾶὶιηηο
834 952 1009 992 humore
1041 952 1291 1006 palustrique
1332 954 1442 994 coelo

111 1021 306 1066 gravante
341 1023 483 1066 caput,
515 1023 556 1052 et
590 1012 684 1066 quia
727 1012 921 1053 medendi
942 1025 1017 1053 nec
1040 1013 1156 1053 locus
1177 1026 1254 1053 nec
1277 1022 1446 1067 tempus

116 1080 218 1119 erat,
248 1071 376 1111 altero
398 1071 521 1111 oculo
543 1074 637 1126 (10)
659 1071 833 1125 capitur

170 1129 247 1170 ΙΙΙ.
281 1130 433 1170 Multis
449 1129 686 1171 hominibus
700 1129 979 1185 jumentisque
997 1128 1111 1171 foede
1125 1130 1286 1180 amissis,
1310 1144 1441 1186 quum

112 1189 278 1228 tandem
294 1189 345 1229 de
367 1188 584 1242 paludibus
606 1189 836 1237 emersisset)
866 1188 936 1228 ubi
956 1189 1139 1242 primilm
1170 1189 1213 1228 in
1244 1190 1346 1229 {icco
1368 1203 1443 1242 po-

110 1246 207 1298 tuit,
239 1246 367 1288 castra
400 1248 531 1288 locat:
563 1258 805 1301 certumque
827 1261 898 1301 per
920 1246 1142 1301 praemiffos
1163 1248 1442 1300 exploratores

109 1304 270 1355 habuit,
301 1307 530 1346 exercitum
554 1306 795 1346 Romanum
831 1306 939 1347 circa
964 1305 1116 1345 Arretii
1152 1305 1307 1346 moenia
1348 1305 1439 1346 effe.

111 1364 289 1405 consulis
325 1365 473 1405 deinde
510 1365 673 1405 consilia
715 1374 837 1419 atque
869 1364 1070 1413 animum,
1102 1373 1142 1404 et
1180 1363 1299 1403 fitum
1334 1364 1442 1419 regi-

112 1437 258 1472 onum,
289 1423 535 1477 itineraque,
567 1435 608 1464 et
643 1425 707 1478 (1)
746 1423 884 1478 copias
927 1423 976 1462 ad
1017 1431 1273 1462 commeatus
1317 1435 1441 1476 expe-

109 1481 295 1532 diendos,
327 1492 368 1522 et
387 1492 537 1532 cetera,
570 1497 661 1536 quae
684 1482 872 1536 cognosse
893 1482 957 1535 (2)
980 1481 1022 1521 in
1044 1494 1132 1521 rern
1151 1491 1253 1529 erat,
1279 1479 1441 1521 summa

108 1540 249 1580 omnia
270 1554 366 1581 cum
409 1541 506 1581 cura
537 1540 785 1594 inquirendo
819 1539 1130 1593 exsequebatur.
1193 1539 1330 1595 Regio
1352 1548 1440 1579 erat

107 1598 150 1639 in
172 1597 316 1654 primis
337 1599 467 1640 Italiae
483 1598 646 1650 fertilis,
678 1598 838 1640 Etrusci
860 1599 1010 1653 campi,
1043 1600 1113 1653 qui
1136 1597 1311 1638 Faesulas
1334 1598 1441 1639 {viter

109 1658 408 1712 Arretiumque
440 1659 595 1714 jacent,
628 1658 826 1698 frumenti
845 1672 890 1698 ae
938 1657 1067 1698 ecoris
1089 1667 1130 1698 et
1153 1659 1340 1697 omni-„m
1369 1670 1418 1697 co

107 1717 173 1772 pia
194 1730 332 1757 rerum
354 1717 553 1771 opulenti.
590 1716 746 1759 Consul
766 1716 882 1757 ferox
900 1716 950 1756 ab
968 1715 1180 1756 consulatu
1218 1716 1366 1770 priore,
1399 1725 1438 1756 εἰ
1460 1736 1602 1766 flamini?

110 1781 135 1828 †
157 1790 241 1816 non
262 1777 388 1816 modo
406 1777 545 1832 legum
569 1791 614 1816 ac
641 1778 808 1817 patrum
837 1774 1072 1831 majestatis,
1097 1775 1162 1816 sed
1181 1789 1230 1813 ne
1249 1775 1438 1815 errum
1462 1783 1664 1823 01s.firccia,

107 1834 275 1888 quidem
297 1834 389 1875 satis
410 1845 613 1875 metuens.
677 1835 799 1875 Hanc
831 1834 990 1874 insitam
1021 1834 1188 1889 ingenio
1206 1835 1294 1889 ejus
1311 1844 1441 1875 teme-

106 1894 270 1934 ritatem
288 1892 455 1934 fortuna
477 1894 671 1948 prospero
704 1892 889 1933 civilibus
925 1892 1162 1947 bellicisque
1195 1893 1317 1933 rebus
1350 1893 1441 1933 suc-

107 1952 215 1994 cefl'u
236 1954 406 1993 aluerat.
468 1953 612 2007 Itaque
634 1952 727 1993 satis
749 1951 987 2006 apparebat,
1019 1965 1095 1993 nec
1131 1951 1247 1993 Deos
1268 1966 1344 1992 nec
1365 1952 1441 1992 ho-

714 2011 756 2052 G
793 2024 815 2054 2
1307 2010 1440 2052 mines

109 2143 216 2167 manes,
239 2144 291 2162 non
310 2130 355 2170 sti
345 2139 432 2174 trpem
447 2134 504 2174 ejus
520 2145 617 2174 conqa
613 2135 708 2174 'escere
723 2144 754 2162 ‘z
751 2133 797 2162 'ri.
824 2139 856 2162 et
873 2128 988 2162 similia
1003 2129 1126 2172 passim.
1150 2130 1199 2173 E]
1234 2129 1292 2172 (7)
1316 2130 1352 2162 Id
1365 2137 1439 2162 tan-

106 2177 180 2207 tum
192 2177 414 2217 quae1entibus
423 2178 463 2208 ad
478 2188 533 2219 qu
538 2187 634 2214 crem,
648 2178 739 2219 quod
748 2188 841 2218 aquae
853 2177 1122 2219 superemineret;
1133 2177 1174 2208 dc
1188 2176 1290 2208 cubili
1302 2175 1438 2207 minime

108 2221 254 2260 curiosis,
276 2223 376 2253 modo
394 2223 514 2254 exstare
499 2224 646 2264 taqua.
698 2222 909 2255 Construffio
937 2222 1012 2254 satis
1041 2222 1176 2263 quidem
1202 2222 1248 2253 cla
1238 2232 1301 2259 ra,
1322 2212 1439 2253 Stroth

108 2275 220 2298 tamen
238 2267 364 2299 fefellit.
387 2269 423 2299 E.
468 2269 525 2309 (8)
551 2271 639 2311 Saepe
657 2268 772 2300 Livius
799 2268 939 2300 verbum
956 2271 1083 2299 variare
1099 2267 1235 2308 usurpat
1261 2266 1352 2298 sensu
1385 2278 1440 2298 ac-

111 2312 193 2344 tivo.
217 2320 254 2344 ut
287 2313 386 2354 supra
403 2314 427 2344 1.
443 2323 472 2344 π.
496 2325 523 2344 c.
539 2324 597 2353 57.
621 2313 709 2346 infra
735 2314 759 2346 l.
774 2323 825 2354 23.
850 2325 879 2345 c.
894 2324 927 2352 5.
952 2313 977 2344 l.
999 2322 1050 2352 25.
1073 2323 1100 2344 c.
1120 2322 1149 2343 1·
1173 2312 1367 2353 Aliquando
1392 2320 1440 2344 ta-

108 2369 184 2390 men
200 2366 361 2399 tanquam
378 2359 518 2390 verbum
534 2367 692 2391 neutrum
708 2373 715 2390 :
743 2367 778 2390 ut
795 2362 888 2400 fama
902 2362 1009 2390 variat
1023 2358 1109 2389 infra
1126 2358 1216 2401 1227.
1238 2369 1264 2389 c.
1282 2366 1334 2397 27.
1380 2359 1441 2400 (9)

108 2404 230 2436 Paullo
249 2406 326 2435 ante
338 2412 455 2435 extaret
468 2405 543 2446 aqud
559 2405 651 2436 dixit.
697 2404 818 2446 Saepius
845 2412 958 2436 autem
982 2403 1098 2435 Livius
1123 2403 1228 2435 verbo
1254 2414 1329 2434 cum
1359 2414 1442 2445 prz-

108 2448 272 2492 positione
283 2450 465 2492 composito
482 2450 516 2481 in
534 2450 692 2493 regimine
708 2450 807 2482 aliam
821 2449 1089 2491 praepositionem
1113 2449 1236 2480 addere
1258 2448 1442 2483 consuevit.

111 2496 188 2526 Hoc
206 2496 306 2526 modo
322 2498 465 2527 excludere
482 2497 520 2527 ab
543 2498 611 2528 urbe
634 2495 732 2538 supra
755 2496 775 2526 l.
793 2495 823 2526 8.
849 2506 879 2528 c.
901 2496 953 2526 26.
975 2498 1054 2525 ι’κίνκΒ
1068 2496 1102 2524 τώ
1122 2494 1223 2535 Caput'i
1239 2494 1325 2525 infra
1343 2494 1366 2525 l.
1382 2504 1438 2533 25.

111 2551 140 2572 c·
162 2549 216 2573 22.
242 2549 387 2582 erumpere
411 2541 530 2584 αρονΐᾶ
554 2541 574 2572 l.
590 2541 641 2582 36.
666 2553 694 2573 c.
711 2541 764 2574 26.
813 2542 892 2583 (10)
916 2542 1023 2582 Supra
1043 2540 1065 2572 l.
1087 2549 1121 2581 9.
1148 2550 1178 2571 c.
1202 2549 1254 2581 29.
1285 2540 1439 2571 lun112ibus

109 2593 226 2629 captum
244 2585 333 2618 infra.
347 2587 369 2619 l.
391 2597 445 2625 41.
475 2598 503 2619 c.
523 2597 576 2627 15.
593 2595 682 2630 parte
697 2588 880 2618 membrorum
891 2594 1002 2629 captus.

161 2651 200 2682 C.
224 2660 255 2690 3.
280 2650 339 2691 (1)
362 2652 406 2682 Et
421 2650 541 2692 quibus
557 2651 744 2684 rationibus
765 2649 917 2682 facillime
934 2649 1037 2693 poss‘et
1051 2658 1251 2681 commeatus
1275 2649 1442 2691 expedire.

111 2695 167 2738 (2)
191 2697 226 2728 In
244 2709 302 2728 rem
318 2697 378 2740 ‘'ff‘’
400 2707 462 2739 pro
477 2697 558 2731 utile
574 2697 647 2738 esse,
661 2695 823 2741 prodeffe,
838 2695 985 2729 occurrit
997 2695 1085 2729 infra
1099 2706 1124 2728 c.
1144 2705 1198 2738 29.
1226 2696 1251 2729 1.
1265 2695 1317 2729 2'6.
1338 2707 1365 2728 c.
1386 2705 1442 2735 ¹7·

1407 2761 1441 2786 et
