1834 3099
385 207 612 249 LIBER
644 205 783 248 XXV.
816 206 974 248 CAP.
1008 203 1190 248 XXVII.
1576 218 1599 262 3

1605 217 1627 262 Q)

1634 214 1654 261 Vb

76 355 102 369 ‘¹
138 343 229 398 ipfis
245 339 368 382 modo
388 342 600 383 salutarem
621 355 739 396 opem
757 339 852 380 ferri
870 340 990 394 posse,
1013 339 1076 379 sed
1102 341 1314 380 Romanos
1335 353 1438 393 quo-

139 415 218 455 que
239 401 280 440 in
301 403 417 454 capta
433 400 734 454 quodammodo
766 398 862 438 urbe
884 398 987 451 capi,
1009 398 1199 451 perpulit,
1232 409 1276 437 ut
1297 412 1441 437 onera-

138 459 216 499 rias
257 473 377 498 naves
417 458 541 513 quam
576 457 768 512 plurimas
802 457 913 495 omni
949 456 1065 510 copia
1099 470 1236 495 rerum
1276 456 1440 496 onustas

139 517 274 556 secum
317 517 537 566 mitterent,
586 516 824 568 classemque
875 513 986 553 suam
1026 524 1233 568 augerent.
1295 514 1440 568 Igitur,

139 586 304 614 centum
328 575 490 629 triginta
520 573 688 613 navibus
727 572 857 627 longis
883 574 918 611 &
954 572 1213 626 septingentis
1248 572 1441 611 onerariis

140 633 349 686 profectus
373 649 393 673 a
416 632 681 686 Karthagine,
704 629 795 672 satis
816 629 1023 683 prosperos
1050 640 1192 669 ventos
1215 631 1264 669 ad
1293 630 1444 684 trajici-

139 693 293 730 endum
331 691 372 729 in
392 691 570 731 Siciliam
600 688 754 729 habuit.
778 688 843 728 sed
867 691 927 742 (2)
958 688 1080 726 iidem
1111 688 1221 727 venti
1257 687 1443 741 superare

141 763 236 788 eum
258 748 494 804 Pachynum
513 746 790 802 prohibebant.
845 745 1082 786 Bomilcaris
1102 747 1315 795 adventus,
1335 745 1443 784 fama

142 803 293 861 primo,
310 808 403 846 dein
425 817 568 860 praeter
590 805 698 858 spem
721 804 848 853 morri,
870 818 996 857 quum
1011 804 1205 858 gaudium
1225 807 1263 844 δι’
1288 813 1443 842 metum

142 866 184 903 in
206 864 333 904 vicem
357 864 557 904 Romanis
578 861 913 918 Syracusanisque
954 862 1196 915 praebuissem
1244 862 1445 916 Epicydes

144 930 347 971 xnetuens,
387 923 501 971 ne,ii
534 931 747 976 pergerent
779 920 983 973 instanl3)‚
1015 919 1086 972 qui
1117 930 1204 959 tuni
1239 919 1446 968 tenebant,

143 979 192 1020 ab
228 990 321 1019 ortu
356 979 445 1019 solis
468 980 563 1019 flare
595 993 666 1034 per
691 979 775 1017 dies
810 979 944 1032 plures
971 983 1097 1029 venti,
1134 977 1259 1018 classis
1292 978 1446 1018 Punica

145 1038 331 1078 Africam
380 1048 594 1091 repeteret,
639 1036 782 1076 tradita
826 1035 1059 1075 Achradina
1102 1037 1445 1076 mercenariorum

144 1096 321 1138 militum
335 1096 521 1145 ducibus,
541 1097 591 1135 ad
610 1095 879 1134 Bomilcarem
908 1094 1081 1148 navigat.
1115 1097 1175 1148 (4)
1213 1095 1369 1134 class'em
1404 1095 1445 1133 in

144 1154 312 1194 statione
334 1154 444 1193 versa
471 1154 512 1192 in
540 1152 724 1192 Africam
745 1151 979 1204 habentem,
1000 1163 1120 1204 atque
1143 1153 1353 1192 timentem
1376 1167 1449 1192 na-

143 1214 229 1252 vale
253 1213 458 1265 proelium,
480 1226 562 1250 non
585 1221 667 1250 tam
685 1209 796 1263 quod
829 1211 958 1264 impar
990 1210 1139 1250 viribus
1173 1220 1241 1249 aut
1276 1225 1449 1250 numero

145 1271 308 1312 navium
328 1270 435 1318 esset,
459 1270 626 1323 :quippe
649 1270 770 1308 etiam
803 1270 936 1322 plures
956 1267 1145 1322 habebat)
1177 1270 1300 1322 quam
1336 1266 1449 1322 quod

146 1329 255 1368 venti
273 1328 445 1381 aptiores
467 1327 683 1378 Romanae,
705 1325 827 1379 quam
851 1325 944 1374 suae,
968 1326 1072 1365 claffi
1095 1326 1251 1376 flarent,
1273 1327 1451 1381 perpulit

144 1388 323 1434 taudem,
343 1395 389 1425 ut
424 1384 633 1425 fortunam
666 1384 817 1424 navalis
851 1384 1082 1424 certaminis
1111 1385 1283 1439 experiri
1315 1382 1449 1426 vellet.

145 1445 196 1487 Et
221 1445 461 1494 Marcellus,
483 1457 611 1496 quum
636 1445 672 1482 &
697 1442 882 1482 Siculum
903 1442 1128 1482 exercitum
1149 1456 1196 1482 ex
1219 1443 1303 1482 tota
1323 1442 1450 1482 insula

143 1501 296 1543 conciri
333 1501 503 1551 videret,
523 1503 562 1541 δε
585 1515 678 1541 cum
707 1500 861 1554 ingenti
883 1510 1113 1539 commeatu
1135 1501 1294 1540 clafi'em
1326 1500 1453 1541 Puni-

145 1575 234 1603 cam
257 1561 487 1607 adventare‚
509 1573 559 1600 ne
582 1559 696 1598 fimul
718 1560 823 1598 terra
842 1558 1024 1612 marique
1047 1558 1223 1598 inclusus
1241 1558 1339 1599 urbe
1360 1557 1452 1598 hos-

145 1619 249 1661 tium
281 1627 506 1673 urgeretur,
544 1630 779 1671 quanquam
797 1617 925 1670 impar
968 1630 1139 1659 numero
1161 1617 1326 1657 navium
1347 1626 1452 1667 erat,

144 1676 358 1731 prohibere
412 1677 524 1716 aditu
565 1674 853 1732 Syracusarum
902 1675 1174 1715 Bomilcarem
1229 1674 1450 1715 constituit.

147 1738 256 1779 Duae
281 1735 415 1775 claffes
437 1732 592 1774 infestae
615 1734 721 1774 circa
749 1733 1076 1787 promontorium
1108 1733 1351 1788 Pachynum
1375 1733 1453 1772 sta-

143 1793 259 1846 bant,
282 1793 351 1833 ubi
373 1792 501 1847 prima
523 1792 792 1846 tranquillitas
814 1791 934 1831 maris
957 1791 997 1830 in
1019 1793 1146 1832 altum
1170 1794 1229 1847 (5)
1251 1791 1452 1840 evexiffet,

147 1853 416 1893 concursurae.
477 1851 635 1904 Itaque,
669 1851 838 1890 cadente
864 1850 950 1904 jam
986 1850 1113 1897 Euro,
1149 1851 1219 1903 qui
1259 1864 1330 1904 per
1366 1849 1452 1894 dies

149 1912 304 1966 aliquot
325 1911 518 1958 saevierat,
540 1909 650 1964 prior
673 1911 734 1962 (6)
757 1909 962 1948 Bomilcar
984 1908 1141 1950 movitt‘
1163 1909 1281 1963 cujus
1320 1907 1451 1962 prima
1469 1939 1559 1971 Proel·

128 1969 272 2019 ,classis
298 1982 434 2023 petere
462 1969 590 2007 altum
620 1967 701 2008 visa
726 1966 798 2015 est,
819 1981 900 2020 quo
933 1965 1094 2006 facilius
1127 1965 1331 2019 superaret
1359 1980 1451 2020 pro-
1470 1952 1677 2017 vulgante?-

147 2028 410 2068 montorium.
435 2025 633 2074 ceterum,
670 2024 882 2078 postquam
910 2024 1074 2065 tendere
1097 2025 1146 2065 ad
1167 2025 1204 2064 se
1242 2024 1452 2064 Romanas
1469 2037 1522 2061 tat.

147 2100 268 2126 naves
289 2085 405 2134 vidit,
427 2085 626 2124 incertum
645 2084 722 2137 quii
746 2083 873 2122 subita
891 2083 1053 2125 territus
1073 2096 1131 2130 re,
1146 2083 1350 2123 Bomilcar
1365 2084 1454 2123 vela

147 2145 188 2183 in
217 2145 344 2183 altum
381 2142 507 2193 dedit,
525 2141 723 2195 mistisque
745 2140 906 2181 nunciis
932 2139 1188 2192 Heracleam,
1209 2141 1278 2197 qui
1312 2155 1455 2180 onera-

1375 2198 1454 2239 rias

148 2335 205 2376 (2)
230 2332 430 2375 Karthagine
457 2332 649 2376 Pachynum
664 2338 811 2373 petentes
827 2338 944 2362 ventus
968 2330 1009 2362 ab
1032 2330 1145 2362 occasu
1163 2332 1263 2362 ferme
1281 2329 1361 2362 flans
1378 2341 1455 2363 vex·

150 2389 232 2412 crat.
284 2380 398 2409 Auster
433 2377 623 2409 necezsarius
662 2386 730 2408 erat
765 2375 966 2418 navigaturis
1002 2376 1043 2407 ab
1084 2376 1239 2417 Pachyno
1272 2377 1456 2418 Syracusas.

151 2428 205 2466 (3)
229 2425 328 2456 Venti
346 2434 423 2465 ergo
437 2424 554 2454 mutati
578 2425 708 2454 fuerant
726 2433 762 2452 ex
779 2433 845 2462 quo
863 2421 1024 2452 Bomilcar
1055 2422 1095 2452 ad
1122 2421 1313 2464 Pachynum
1338 2433 1453 2463 ρει-νε»

152 2479 260 2503 nei-at:
286 2469 397 2500 sedita
410 2477 458 2505 ut,
469 2479 535 2499 non
550 2468 667 2505 minus,
680 2470 775 2508 quam
790 2466 889 2508 prius,
907 2466 1119 2508 prohiberent
1140 2466 1283 2507 superari
1299 2477 1453 2508 promon-

151 2515 284 2553 torium,
299 2517 329 2545 δε
345 2515 410 2556 jam
422 2514 654 2555 Karthaginem
673 2513 781 2543 versus
793 2511 920 2542 claffem
934 2511 1147 2553 impellerent.
1160 2513 1214 2551 (4)
1228 2512 1453 2551 Bomilcarem,

152 2561 206 2602 qni
219 2561 359 2592 habebat
378 2559 502 2590 class'em
520 2559 552 2589 in
569 2559 703 2589 statione
718 2557 807 2589 verszi
821 2558 854 2587 in
875 2556 1034 2594 Asricam3
1052 2556 1157 2598 puris
1171 2556 1203 2586 in
1218 2556 1364 2589 Africam
1378 2569 1451 2588 ver-

151 2607 199 2643 fis,
210 2614 365 2650 tanquam
378 2607 416 2636 eo
429 2604 519 2636 brevi
534 2604 755 2647 trajecsturam.
775 2604 832 2645 (5)
845 2602 877 2633 h.
891 2601 1087 2634 e.s1viffetin
1098 2602 1200 2634 altum
1211 2602 1375 2645 evehi‚(6)
1388 2602 1406 2632 i.
1421 2614 1451 2636 e.

1356 2659 1451 2690 prior
