1834 3099
132 174 211 227 156

130 1861 232 1890 Oreum
246 1872 294 1889 ca-

119 1910 206 1948 piunt
217 1907 322 1937 Roma-

125 1955 167 1982 πί.

849 166 900 207 Τ.
964 166 1166 209 LIVII

351 285 514 328 modica
531 300 654 326 manu
679 285 719 324 in
735 285 960 337 Boeotiam,
995 285 1244 338 Menippum
1268 284 1364 323 item
1386 282 1606 337 quemdam
1628 296 1678 323 ex

350 346 471 400 regiis
512 345 687 385 ducibus
720 358 817 384 cum
859 345 968 384 mille
996 343 1174 398 peltastis
1199 344 1322 397 (pelta
1349 347 1364 393 ΙΙ
1402 353 1534 383 caetrae
1565 341 1678 382 haud

354 404 550 444 diffimilis
579 402 653 458 est)
676 402 917 443 Chalcidem
941 403 1081 443 mittit.
1117 401 1244 442 additi
1289 400 1503 456 quingenti
1527 399 1678 454 Agria-

352 477 470 512 num,
503 472 548 502 ut
570 475 714 502 omnes
739 460 954 516 (3)insulae
978 471 1112 516 partes
1135 461 1241 500 tueri
1275 460 1444 514 possent.
1471 459 1554 514 ipse
1576 459 1678 500 Sco-

351 521 494 561 tuffam
527 520 584 561 est
608 519 847 575 profectus:
880 516 1109 574 eodemque
1133 519 1182 559 ab
1207 518 1360 559 Lariffa
1393 518 1676 558 Macedonum

351 580 488 634 copias
527 578 688 619 traduci
732 577 854 634 juffit.
935 579 999 619 Εό
1037 578 1279 618 nunciatum
1322 576 1397 629 est,
1451 576 1675 617 concilium

351 638 504 679 AEtolis
521 639 765 678 Heracleam
789 637 1011 689 indictum,
1043 651 1263 693 regemque
1284 636 1487 686 Attalum,
1505 636 1555 676 ad
1577 648 1678 676 con-

351 698 583 737 sultandum
607 698 656 737 de
694 696 853 736 summa
890 697 1000 746 belli,
1030 705 1263 736 venturum.
1327 694 1456 735 Hunc
1498 707 1678 736 conven-

351 767 440 797 tum
465 767 508 796 ut
523 755 704 796 turbaret
722 754 853 795 subito
882 757 1075 805 adventu,
1108 754 1268 810 magnis
1306 752 1521 794 itineribus
1542 752 1680 793 Hera·

351 817 480 855 cleam
499 815 631 855 duxit.
656 815 697 854 δι’
728 814 903 854 concilio
926 813 1094 880 quidem
1117 813 1374 869 dimiffojam
1396 812 1534 852 venit.
1566 811 1679 867 sege-

354 874 460 915 tibus
483 884 637 923 tamen,
670 887 761 926 quae
797 887 924 926 prope
946 872 1225 913 maturitatem
1262 880 1394 922 erant,
1424 869 1608 911 maxime
1631 870 1676 910 in

354 933 439 972 {inu
477 935 539 986 (4)
574 931 803 971 AEnianum
842 930 1020 980 vastatis,
1066 930 1291 972 Scotuffam
1332 929 1470 1000 copias
1501 929 1676 970 reducit.

354 991 413 1031 lbi
436 990 616 1030 exercitu
653 989 767 1029 omni
799 988 961 1039 reli&o‚
993 1003 1088 1029 cum
1119 989 1288 1030 cohorte
1311 989 1421 1044 regia
1443 987 1680 1029 Demetria-

352 1051 446 1089 dem
471 1048 549 1089 sese
568 1047 725 1102 recipit.
788 1047 889 1088 Inde
915 1057 958 1087 ut
979 1048 1030 1088 ad
1051 1061 1195 1088 omnes
1228 1047 1407 1087 hostium
1429 1056 1567 1087 motus
1583 1046 1677 1101 pos-

353 1109 409 1148 set
437 1121 668 1155 occurrere‚
702 1106 742 1145 in
777 1106 1022 1156 Phocidem,
1054 1115 1177 1160 atque
1211 1105 1432 1154 Euboeam,
1467 1108 1506 1146 &
1545 1105 1678 1159 Pepa-

354 1167 517 1206 rethum
550 1165 690 1214 mittit,
739 1164 809 1219 qui
841 1165 930 1206 loca
964 1166 1044 1205 alta
1079 1165 1289 1220 eligerent,
1336 1166 1446 1204 unde
1481 1166 1545 1218 (5)
1577 1163 1677 1204 editi

354 1227 498 1280 ignes
489 1233 742 1279 apparerent.
782 1223 894 1278 ipse
885 1238 927 1264 in
947 1223 1084 1264 Tisaeo
1107 1226 1244 1278 (mons
1265 1222 1350 1263 est
1341 1237 1383 1263 m
1416 1222 1677 1264 altitudinem

356 1285 562 1339 ingentem·
597 1282 824 1323 cacuminis
857 1282 976 1336 editi)
1015 1282 1219 1337 speculam
1256 1281 1414 1337 posuit·
1446 1294 1492 1321 ut
1514 1280 1679 1337 ignibus

351 1358 398 1397 pr
382 1343 494 1383 rocul
526 1341 690 1382 sublatis
709 1341 881 1396 signum,
913 1340 983 1382 ubi
1004 1341 1104 1395 quid
1134 1341 1378 1381 molirentur
1398 1339 1550 1390 hostes,
1587 1354 1679 1381 mo-

351 1414 492 1442 mento
515 1401 711 1455 temporis
740 1400 957 1455 acciperet.
1019 1400 1236 1441 Romanus
1253 1400 1474 1455 imperator
1493 1402 1531 1440 &
1558 1399 1680 1440 Atta-

350 1462 415 1502 lus
436 1474 506 1500 rex
530 1475 551 1499 a
586 1458 815 1514 Peparetho
835 1458 1023 1500 Nicaeam
1040 1459 1303 1514 trajecerunt.
1337 1459 1432 1498 inde
1454 1457 1614 1498 claffem
1635 1457 1680 1497 in

351 1518 552 1559 Euboeam
569 1519 620 1559 ad
642 1519 786 1559 urbem
805 1517 965 1558 Oreum
989 1517 1270 1558 transmittunt
1289 1533 1297 1558 :
1327 1531 1421 1572 quae
1443 1516 1492 1557 ab
1510 1517 1572 1571 (6)
1590 1516 1680 1557 De·

351 1577 547 1618 metriaco
581 1576 669 1617 finu
693 1576 939 1618 Chalcidem
960 1578 998 1616 8<
1018 1576 1224 1631 Euripum
1259 1576 1417 1631 petenti
1440 1577 1503 1631 (7)
1524 1576 1576 1615 ad
1608 1576 1681 1615 lae-

350 1650 443 1676 vam
461 1636 592 1690 prima
613 1634 778 1675 urbium
801 1633 974 1676 Euboeae
996 1634 1122 1688 polita
1140 1634 1211 1675 est.
1272 1635 1333 1675 Ita
1356 1635 1464 1675 in'ter
1486 1634 1679 1674 Attalum

351 1709 398 1735 ac
430 1694 661 1749 Sulpicium
690 1693 899 1746 convenit,
932 1702 979 1734 ut
994 1693 1177 1734 Romani
1198 1708 1221 1733 a
1242 1693 1360 1744 mari,
1392 1692 1493 1749 regii
1526 1705 1549 1733 a
1571 1693 1680 1733 terra

352 1762 653 1808 oppugnarent.

413 1812 488 1852 VI.
520 1811 755 1866 Quatriduo
780 1809 889 1866 post,
920 1809 1046 1865 quam
1080 1810 1247 1865 appulsa
1268 1809 1397 1851 claffis
1425 1808 1501 1861 est,
1533 1808 1679 1850 urbem

352 1869 520 1926 aggreffi
537 1868 641 1910 sunt.
665 1870 706 1909 id
728 1879 891 1924 tempus
908 1869 1082 1910 occultis
1113 1883 1209 1909 cum
1233 1870 1412 1921 Platore,
1444 1867 1516 1922 qui
1537 1883 1559 1908 a
1580 1868 1681 1908 Phi-

353 1930 465 1984 lippo
502 1928 740 1985 praepofitus
777 1927 868 1968 urbi
909 1937 1011 1978 erat,
1056 1927 1273 1982 colloquiis
1305 1926 1568 1981 absumptum
1607 1926 1680 1968 est.

352 1988 470 2029 Duas
508 2001 620 2028 arces
652 1986 748 2027 urbs
783 1985 920 2036 habet,
953 1999 1077 2026 unam
1105 1986 1391 2026 imminentem
1414 1985 1531 2034 mari,
1554 1985 1681 2028 altera

353 2046 464 2087 urbis
484 2049 545 2101 (1)
561 2045 693 2085 media
711 2045 780 2086 est.
800 2044 993 2086 cuniculo
1006 2043 1101 2084 inde
1115 2045 1180 2085 via
1201 2046 1252 2085 ad
1274 2058 1386 2085 mare
1403 2043 1536 2097 ducit,
1553 2059 1680 2098 quam

353 2121 374 2146 a
393 2105 495 2145 mari
512 2104 634 2145 turris
648 2104 832 2158 quinque
847 2102 1142 2154 tabulatorum,
1159 2103 1373 2160 egregium
1389 2116 1680 2159 propugnacu-

1574 2163 1676 2214 lum,

355 2283 486 2314 rethum
505 2280 691 2323 praesidium
709 2280 798 2319 urbi,
819 2292 889 2322 quae
913 2279 1118 2324 cognominis
1133 2288 1204 2312 erat
1220 2281 1278 2323 ipfi
1296 2279 1415 2313 insulae.
1460 2280 1518 2322 (3)
1534 2280 1678 2318 Euboeae,

355 2329 447 2369 cujus
462 2328 539 2359 urbs
558 2327 688 2359 Chalcis
703 2327 747 2358 est
764 2335 875 2368 caput.
925 2328 982 2367 (4)
999 2328 1026 2357 ls
1039 2326 1084 2357 est
1100 2325 1186 2357 finus
1203 2329 1377 2363 Maliacus;
1404 2325 1457 2358 cui
1474 2326 1537 2358 hoc
1554 2337 1676 2358 nomen

355 2373 515 2404 tribuitur
533 2374 574 2404 ab
592 2375 755 2403 AEm'armm
772 2380 868 2414 gente
900 2371 1022 2403 vicina.
1072 2371 1150 2402 vid.
1166 2380 1236 2404 not.
1264 2383 1294 2404 1.
1313 2373 1354 2404 ad
1371 2383 1396 2404 c.
1415 2382 1468 2412 30.
1498 2372 1521 2402 l.
1545 2381 1599 2411 27.
1626 2371 1677 2403 su-

357 2423 431 2459 pra.
477 2419 533 2459 (5)
551 2424 683 2462 Φρυκτω
711 2425 855 2457 masmar,
879 2428 1022 2459 quorum
1039 2418 1164 2450 mentio
1178 2421 1334 2460 frequens
1350 2419 1440 2460 apud
1455 2417 1612 2460 Thucyd.
1639 2419 1680 2450 E.

356 2465 412 2504 (ὁ)
430 2464 584 2495 Dukerus
611 2463 763 2505 intelligit
780 2462 881 2494 finum
900 2465 1080 2500 Maliacum,
1102 2465 1144 2496 ad
1162 2475 1261 2505 quem
1286 2465 1394 2496 Nicaea
1408 2470 1499 2496 erat:
1524 2462 1629 2504 (infra
1653 2462 1678 2494 l.

361 2518 416 2548 32.
435 2520 462 2540 c.
474 2511 543 2549 32.)
555 2509 699 2540 Ortelius
714 2508 818 2540 smum
833 2511 1017 2552 Pagasaeum,
1038 2509 1079 2540 ad
1096 2520 1195 2552 quem
1206 2510 1285 2542 urbs
1302 2511 1478 2542 Demetrias.
1524 2508 1582 2551 (7)
1598 2507 1681 2540 Vid.

358 2562 427 2585 not.
441 2553 474 2585 6.
488 2555 528 2585 ad
546 2566 577 2586 c.
598 2555 688 2594 2.·..1.
712 2555 767 2587 26.
782 2554 880 2597 supra

405 2613 444 2645 C·
463 2611 497 2644 6.
513 2613 569 2655 (1)
600 2614 646 2644 lta
663 2613 730 2645 fere
746 2612 872 2648 institi.
891 2622 948 2653 42.
963 2623 990 2646 c.
1008 2612 1064 2653 58.
1088 2613 1209 2646 Medius
1225 2616 1346 2646 omnium
1360 2627 1412 2647 rex
1429 2620 1497 2645 emt.

1503 2673 1551 2702 ‘2⁸
1571 2671 1678 2713 Sug-r}
