1860 3099
433 192 658 246 LIBER
686 202 849 245 xxm.
899 202 1050 246 CAP.
1085 190 1203 246 xxi.
1622 206 1701 257 189

153 318 326 375 quisque
347 321 488 375 posset,
505 337 550 363 ac
568 321 799 362 deserendae
822 320 933 361 urbis
955 321 1145 362 auctores
1182 323 1332 370 effent3
1366 321 1474 375 pars,

154 381 322 433 quando
346 381 490 421 deserti
506 396 528 421 a
548 379 752 420 veteribus
792 379 910 420 sociis
962 380 1103 430 effent,
1144 381 1394 435 adjungendi
1437 380 1475 419 se

154 439 302 479 ceteris
320 439 506 492 Bruttiis,
527 454 573 479 ac
594 453 666 493 per
687 453 756 478 eos
778 438 956 479 dedendi
978 437 1217 478 Hannibali.
1281 438 1395 479 Vicit
1416 449 1477 478 ta-

162 510 261 536 men
300 511 347 537 ea
381 513 490 552 pars,
532 512 625 552 quae
667 497 768 536 nihil
802 497 951 551 raptim
984 511 1059 537 nec
1082 507 1234 537 temere
1253 498 1504 552 agendum,¹

154 555 539 610 consulendumque
557 558 606 596 de
630 556 789 610 integro
812 555 982 595 censuit.
1045 558 1110 611 (5)
1146 556 1211 595 Re
1234 556 1367 595 laxata
1388 555 1478 609 pos-

156 623 246 653 tero
264 614 327 654 die
350 630 422 669 per
437 616 638 655 minorem
656 614 970 668 trepidationem
1001 623 1224 654 tenuerunt
1244 613 1479 667 optimates,

158 682 221 721 ut,
245 673 454 714 convecffis
474 673 667 714 omnibus
683 687 733 713 ex
755 672 877 728 agris,
901 672 1044 713 urbem
1077 687 1122 713 ac
1163 686 1304 713 muros
1343 671 1480 712 firma-

163 741 269 772 rent.

219 790 337 830 XXI.
371 792 448 831 Per
470 791 578 831 idem
602 790 687 831 fere
713 800 875 844 tempus
893 790 1019 831 literae
1041 804 1092 829 ex
1124 789 1263 831 Sicilia
1299 790 1482 832 Sardini-
1501 804 1600 834 stas...
1640 816 1683 833 η-

159 848 266 902 ἓῳιε
290 849 470 889 Romam
497 851 641 890 allatae.
703 849 864 889 Priores
881 863 930 888 ex
945 849 1083 889 Sicilia
1104 849 1156 889 T.
1196 850 1364 891 Otacilii
1387 864 1481 904 pro·
1501 862 1566 903 ’ζ’ζΙζ
1581 853 1609 879 ³²⁴
1628 849 1678 879 δέ·

159 907 345 960 praetoris
370 908 410 947 in
434 908 572 948 senatu
595 908 774 949 recitatae
791 908 883 947 sunt
907 923 915 948 :
938 910 1002 962 (1)
1025 908 1077 947 L.
1102 908 1268 948 Furium
1283 917 1480 963 praetorem
1498 897 1578 926 “²¹²⁸

161 981 246 1005 cum
276 967 379 1022 clqffl’
412 982 457 1006 ex
497 967 644 1023 Africa*
685 967 890 1023 Lilybaemn
925 967 1058 1023 veng'ffi’
1078 984 1091 1005 .·
1139 968 1260 1021 ipfiaem
1301 969 1483 1022 graviter

147 1024 325 1079 fizucium
346 1027 386 1064 in
403 1025 617 1083 dzstrimine
640 1026 768 1065 ultimo
788 1028 874 1065 vita>
895 1025 967 1081 ‘ff‘
992 1027 1108 1065 militi
1133 1025 1185 1067 {5⁴
1216 1030 1239 1079 ss
1281 1026 1482 1066 navalibus

148 1084 263 1138 sociis
279 1099 393 1138 neque
409 1085 655 1139 stipendium,
677 1100 790 1138 neque
806 1085 1052 1139 frumentum
1074 1084 1126 1123 ad
1144 1084 1238 1124 diem
1265 1089 1332 1138 (2)
1357 1078 1446 1125 dari
1465 1108 1479 1131 ;

158 1158 290 1196 neque,
314 1143 409 1182 unde
424 1143 551 1194 detur,
568 1145 640 1200 affin
707 1143 944 1197 Magmpere
970 1142 1148 1197 spada-e,
1186 1152 1228 1183 ut
1263 1143 1376 1198 qucirm
1396 1146 1483 1198 pri-

162 1201 265 1241 mffcm
286 1217 328 1240 ea
348 1203 555 1242 mittantur
577 1225 589 1248 ‚-
607 1201 769 1256 sibique,
786 1201 817 1251 si
835 1197 893 1241 ita'
911 1202 1105 1250 videatur,
1121 1218 1165 1241 cx
1186 1204 1293 1242 novis
1309 1205 1483 1255 praetori-

162 1260 476 1316 bus-liccccnffirem
520 1263 687 1300 mittant.
752 1261 992 1313 Eademque
1021 1259 1151 1299 ferme
1189 1262 1238 1301 de
1282 1261 1482 1315 stipendio

162 1318 457 1372 frumentoque
478 1319 526 1359 ab
562 1321 614 1360 A.
638 1319 832 1359 Cornelio
870 1319 1103 1359 Mammula
1143 1330 1391 1374 propraetore
1431 1334 1483 1360 ex

159 1377 348 1418 Sardinia
371 1377 528 1432 scripta.
593 1373 851 1431 Responsum
875 1377 1070 1431 utrisque,
1120 1392 1203 1417 non
1240 1379 1332 1427 effe,
1376 1379 1484 1418 unde

162 1437 407 1476 mitteretur.
438 1436 613 1491 jussique
645 1436 713 1489 ipsi
751 1435 936 1476 clastibus
969 1448 1093 1490 atque
1121 1436 1368 1477 exercitibus
1406 1436 1485 1477 suis

158 1494 386 1534 consulere.
443 1495 496 1534 Τ.
544 1495 765 1546 Otacilius,
802 1495 852 1534 ad
886 1494 1055 1534 unicum
1086 1493 1306 1534 subfidium
1341 1495 1483 1550 populi
1507 1499 1603 1529 Hirro
1631 1500 1711 1540 anm

161 1553 346 1593 Romani
368 1553 597 1593 Hieronem
618 1554 772 1608 legatos
794 1567 923 1606 quum
947 1552 1123 1605 misisset,
1145 1553 1187 1592 in
1218 1553 1483 1608 stipendium,
1503 1544 1720 1578 mmmmm·

160 1612 306 1666 quanti
323 1612 479 1667 argenti
496 1627 599 1666 opus
620 1611 716 1661 fuit,
738 1615 779 1652 ἃ
803 1611 867 1651 sex
892 1612 1091 1651 mensium
1123 1611 1381 1653 frumentum
1418 1628 1486 1654 ac-

163 1672 286 1725 cepit.
321 1670 516 1711 Cornelio
533 1671 575 1710 in
597 1670 784 1711 Sardinia
803 1670 987 1711 civitates
1011 1670 1167 1724 sociae‡
1189 1670 1365 1728 benigne
1389 1687 1488 1713 con-

163 1732 360 1770 tulerunt.
424 1730 476 1769 Et
498 1730 647 1769 Romae
665 1744 832 1783 quoque
865 1739 1032 1783 propter
1072 1729 1287 1783 penuriam
1328 1731 1487 1787 argenti
1511 1740 1689 1771 *Trium-iri

162 1788 367 1829 triumviri
386 1792 408 1841 ‡
428 1788 631 1836 mensarii,
652 1788 864 1843 rogatione
884 1788 949 1828 M.
974 1788 1154 1828 Minucii
1172 1788 1327 1829 tribuni
1343 1790 1488 1844 plebis,
1508 1787 1659 1827 mensim-ii.

171 1847 291 1897 facti,
311 1848 359 1888 L.
385 1846 582 1887 AEmilius
604 1847 761 1901 Papus,
792 1846 862 1899 qui
894 1846 1036 1887 consul
1071 1846 1296 1903 censorque
1337 1848 1489 1898 fuerat,

165 1910 205 1948 ἃ
232 1907 294 1946 Μ.
317 1905 469 1947 Atilius
492 1906 696 1961 Regulus,
715 1905 784 1959 qui
807 1905 868 1946 bis
891 1905 1032 1946 consul
1054 1904 1207 1958 fuerat,
1231 1910 1273 1949 &
1296 1908 1345 1950 L.
1381 1908 1492 1949 Scri-

165 1966 313 2006 bonius
335 1964 456 2014 Libo,
497 1965 568 2019 qui
606 1974 694 2004 turn
725 1963 917 2005 tribunus
951 1963 1082 2019 plebis
1105 1975 1205 2008 erat.
1267 1966 1319 2006 Et
1341 1966 1493 2007 duum-

165 2025 240 2064 viri
259 2023 398 2072 creati,
416 2023 478 2063 M.
506 2026 543 2064 &
569 2023 619 2064 C.
657 2023 791 2072 Atilii,
814 2024 944 2063 aedem
966 2023 1230 2073 Concordiae,
1271 2040 1396 2079 qnam
1439 2026 1490 2068 L.

167 2082 351 2124 Manlius
374 2092 522 2136 praetor
543 2084 790 2136 voverat(3),
832 2081 1139 2124 dedicaverunt.
1201 2083 1254 2123 Et
1277 2093 1357 2124 tres
1388 2098 1493 2138 pon-

167 2141 302 2182 tifices
344 2141 486 2190 creati,
528 2140 603 2198 Q
649 2140 842 2181 Caecilius
888 2141 1107 2191 Metellus,
1152 2143 1194 2183 δι’
1229 2142 1302 2200 Q
1335 2142 1490 2184 Fabius

169 2200 397 2250 Maximus,
433 2201 471 2239 ἃ
495 2199 744 2257 QFulvius
760 2199 948 2250 Flaccus,
970 2199 1012 2239 in
1034 2201 1173 2241 locum
1202 2200 1248 2240 P.
1288 2200 1491 2243 Scantinii

166 2319 226 2360 (5)
241 2320 260 2359 †
276 2320 454 2350 Laxamento
467 2319 558 2350 dato.
629 2319 749 2350 Nullus
765 2328 876 2350 autem
893 2318 1013 2351 dubito
1045 2319 1124 2361 quin
1155 2331 1234 2352 vera
1259 2320 1297 2352 fit
1329 2321 1493 2354 Crevierii

164 2364 368 2402 emendatio,
383 2365 489 2396 Relata⁴
500 2373 532 2407 p.
547 2367 576 2396 d.
590 2372 626 2407 p.
650 2377 691 2395 m.
715 2373 738 2395 t.
766 2378 796 2396 re
811 2366 1034 2398 ten1aeerunt&c.
1062 2365 1085 2396 ἱ.
1110 2377 1140 2397 e.
1164 2377 1268 2407 quum
1292 2367 1422 2408 postero
1439 2368 1493 2400 die

169 2411 314 2442 relatum
326 2410 366 2441 de
379 2410 415 2441 «εἳ
441 2421 477 2442 re
490 2409 576 2441 esset.
622 2411 666 2441 Re
695 2417 842 2442 tenuerunt
869 2410 988 2442 diserte
1015 2411 1160 2453 probant
1187 2411 1316 2453 aliquot
1334 2413 1490 2448 codices:

167 2455 237 2498 qud
253 2455 352 2487 etiarn
370 2455 422 2486 alii
441 2456 580 2494 ducunt,
601 2459 777 2486 retinuerunt
789 2457 1014 2497 praeferentes.
1062 2459 1110 2488 At
1133 2465 1224 2488 tenere
1241 2468 1303 2499 pro
1334 2459 1496 2499 obtinere,

173 2501 354 2544 impetrare
370 2500 469 2532 Livio
495 2501 540 2533 est
566 2500 874 2543 frequentissimum.
900 2501 1000 2545 supra
1022 2501 1046 2534 l.
1065 2511 1092 2536 2.
1116 2513 1144 2534 c.
1168 2512 1221 2542 42.
1248 2503 1269 2534 l.
1295 2513 1326 2544 3.
1343 2515 1369 2535 c.
1395 2514 1437 2549 29
1460 2507 1499 2538 &³

169 2558 226 2585 4¹·
249 2547 273 2578 l.
299 2558 334 2586 4.
359 2558 387 2581 e.
418 2557 458 2579 10
481 2547 514 2577 &
531 2557 585 2587 30.

218 2612 258 2643 C.
280 2620 333 2643 21.
350 2611 406 2654 (ι)
421 2613 507 2654 Lege
526 2614 568 2643 P.
584 2613 704 2642 Furium
720 2611 776 2643 :sic
794 2610 883 2643 enim
897 2611 933 2643 in
950 2611 1119 2644 creatione
1134 2612 1380 2655 magistratuum
1397 2614 1496 2656 hujus

168 2656 251 2688 anni
268 2656 398 2699 supi-al.
416 2667 469 2690 22.
497 2668 527 2690 c.
557 2667 611 2698 35.
625 2658 656 2688 Sc
670 2668 696 2688 c.
715 2667 769 2697 55.
787 2658 886 2697 &57.
905 2658 962 2699 (2)
980 2659 1108 2700 Nempe
1119 2659 1340 2691 constitutam.
1361 2661 1497 2692 ‘Eodem

173 2702 268 2734 {cusu
286 2705 326 2734 ad
345 2710 452 2747 tempus
470 2702 559 2736 infra
584 2703 605 2735 l.
628 2703 682 2743 38.
705 2714 734 2736 c.
760 2713 811 2743 25.
860 2704 918 2747 (3)
935 2703 1014 2737 Vid.
1032 2703 1130 2747 supra
1145 2705 1168 2738 1.
1194 2715 1246 2739 22.
1269 2716 1296 2737 c.
1322 2715 1378 2746 33.

1274 2787 1498 2842 demortui,
