1834 3099
144 136 252 187 -258

354 2605 502 2651 'Fortasse
520 2617 694 2661 legendum
719 2615 765 2649 est
780 2614 812 2648 ‘T
808 2615 920 2654 balam,
944 2613 996 2645 vel
1012 2613 1145 2655 Cass-cm.
1191 2611 1249 2655 (3)
1266 2612 1306 2644 Et
1330 2609 1456 2654 aliquot
1473 2610 1617 2646 habebat
1631 2616 1684 2663 ‘ex'

897 126 1188 173 T.L1V11

392 248 796 305 Karthaginiensium
829 247 1061 297 societatis;
1098 250 1138 289 &
1157 262 1252 289 cum
1279 246 1467 304 Syphace
1498 248 1723 305 hospitium

392 309 598 350 vetustum
631 308 774 364 legatis
806 307 929 358 missis
969 319 1153 358 renovat,
1181 306 1320 348 omnia
1354 321 1401 349 ea
1443 308 1596 350 auxilia
1616 324 1724 365 prae-

392 384 539 425 parans
561 369 755 409 adversus
774 363 1034 407 Masinissam.

450 427 590 469 XXX.
625 427 677 468 Et
713 426 934 477 Masinifi'a,
979 426 1118 466 audita
1153 434 1286 466 morte
1318 426 1468 480 patrui,
1500 426 1596 468 dein
1619 441 1723 470 nece

390 487 528 529 fratris
562 485 771 541 patruelis,
804 500 854 526 ex
886 484 1084 539 Hispania
1113 484 1155 525 in
1178 485 1479 526 Mauritaniam
1516 485 1723 540 (Bocchar

389 549 435 588 ea
455 545 692 601 tempestate
724 558 800 584 rex
816 545 1066 584 Maurorum
1089 546 1194 599 erat)
1218 543 1382 599 trajicit.
1405 543 1455 585 ab
1477 558 1527 585 eo
1547 544 1719 601 supplex

389 609 454 663 (1)
474 605 627 646 infimis
644 602 833 659 precibus
855 603 1056 643 auxilium
1087 602 1240 653 itineri,
1272 602 1470 656 quoniam
1505 602 1612 644 bello
1634 618 1720 644 non

388 675 566 722 poterat,
598 672 774 719 quatuor
796 662 923 703 millia
944 662 1192 703 Maurorum
1210 661 1457 716 impetravit.
1519 663 1631 705 Cum
1653 662 1721 713 iis,

388 725 590 781 praemifl'o
626 722 779 763 nuncio
811 722 861 762 ad
896 731 1089 776 paternos
1121 720 1291 775 suosque
1314 721 1483 771 amicos,
1515 736 1647 776 quum
1666 723 1720 763 ad

389 784 494 826 fines
522 782 636 838 regni
656 780 910 836 perveniffet,
940 780 1155 836 quingenti
1175 779 1304 820 ferme
1321 780 1517 821 Numidae
1540 781 1591 821 ad
1619 795 1718 822 eum

387 851 685 885 convenerunt.
745 839 879 895 Igitur
902 839 1065 880 Mauris
1095 839 1206 888 inde,
1240 839 1340 880 ficut
1361 849 1622 885 convenerat,
1654 854 1719 881 re-

387 912 452 943 tro
488 903 539 942 ad
581 913 721 956 regem
760 897 944 948 remiffis‚
977 912 1214 952 quanquam
1250 898 1460 952 aliquanto
1491 898 1628 939 minor
1647 899 1716 955 spe

385 961 629 1011 multitudo,
660 972 736 998 nec
772 972 869 999 cum
904 956 984 1010 qua
1017 966 1174 996 tantam
1207 971 1294 997 rem
1322 957 1489 1012 aggredi
1518 958 1612 999 satis
1643 973 1718 1000 au-

385 1022 516 1070 deret,
547 1016 815 1065 conveniret3
847 1025 959 1056 ratus
992 1015 1151 1070 agendo
1173 1029 1221 1056 ac
1253 1015 1460 1057 moliendo
1482 1016 1588 1058 vires
1610 1031 1717 1072 quo-

383 1094 464 1134 que
496 1079 546 1119 ad
583 1077 790 1133 agendum
829 1074 983 1129 aliquid
1021 1073 1311 1123 collecturum,
1355 1074 1630 1129 proficiscenti
1662 1078 1713 1118 ad

380 1138 615 1194 Syphacem
656 1134 881 1176 Lacumaci
915 1133 1058 1189 regulo
1088 1133 1138 1173 ad
1162 1135 1225 1188 (2)
1259 1132 1474 1187 Thapsum
1516 1136 1712 1180 occurrit.

379 1197 612 1252 Trepidum
634 1208 783 1250 agmen
804 1206 934 1248 quum
955 1193 997 1232 in
1028 1191 1173 1232 urbem
1195 1190 1416 1247 refugisset,
1451 1191 1596 1234 urbem
1616 1194 1713 1235 Ma-

379 1257 507 1297 finifl'a
548 1254 682 1310 primo
718 1253 878 1307 impetu
914 1252 1051 1306 capit:
1084 1264 1138 1291 ex
1159 1250 1281 1306 regiis
1304 1250 1404 1291 alios
1432 1252 1639 1294 tradentes
1671 1253 1711 1295 se

378 1315 539 1370 recipit,
573 1314 672 1355 alios
694 1313 775 1353 vim
799 1321 989 1366 parantes
1007 1309 1173 1350 occidit.
1196 1324 1290 1364 pars
1308 1309 1485 1350 maxima
1506 1325 1604 1352 cum
1624 1312 1711 1368 ipso

364 1389 507 1429 ¹puero
529 1374 636 1414 inter
658 1372 883 1413 tumultum
905 1372 956 1410 ad
975 1367 1225 1425 Syphacem,
1254 1367 1339 1423 quo
1361 1367 1543 1423 primum
1574 1370 1711 1412 inten-

376 1436 522 1474 derant
557 1433 649 1482 iter,
680 1439 970 1486 pervenerunt.
1033 1429 1159 1469 Fama
1194 1427 1319 1483 hujus
1352 1428 1527 1469 modicae
1558 1429 1633 1479 rei,
1664 1430 1708 1471 in

374 1492 579 1547 principio
611 1504 750 1531 rerum
779 1489 967 1543 prospere
1001 1487 1121 1536 aare,
1153 1486 1355 1528 convertit
1386 1487 1437 1527 ad
1458 1487 1707 1530 Mafiniffam

372 1552 592 1593 Numidas.
620 1556 635 1601 ΙΙ
658 1548 959 1600 affluebantque
1000 1544 1183 1600 undique
1216 1559 1271 1585 ex
1302 1546 1407 1601 agris
1427 1545 1606 1601 vicisque
1637 1563 1707 1590 ve-

372 1619 480 1652 teres
497 1610 647 1651 milites
671 1608 806 1656 Galae,
841 1609 879 1647 ἃ
903 1604 1129 1645 invitabant
1152 1604 1350 1659 juvenem
1387 1605 1436 1645 ad
1459 1619 1706 1661 recuperan-

361 1670 473 1710 dum
513 1678 731 1724 paternum
771 1678 959 1720 regnum.
1022 1664 1210 1705 Numero
1243 1663 1422 1704 militum
1445 1664 1702 1721 aliquantum

366 1729 615 1770 Mezetulus
648 1723 874 1780 superabat.
911 1737 1006 1763 nam
1040 1721 1185 1776 &ipse
1207 1736 1304 1762 eum
1338 1723 1584 1774 exercitum,
1617 1740 1703 1779 quo

368 1787 573 1842 Capusam
590 1785 757 1833 vicerat,
788 1785 827 1824 δε
849 1797 897 1823 ex
921 1784 983 1836 (3)
999 1782 1173 1835 receptis
1194 1781 1283 1835 post
1312 1783 1467 1822 caedem
1491 1783 1597 1838 regis
1629 1784 1703 1825 ali-

369 1857 472 1900 quot
492 1843 693 1886 habebat:
727 1846 769 1884 &
786 1856 888 1896 puer
908 1840 1162 1881 Lacumaces
1184 1840 1233 1880 ab
1257 1839 1440 1894 Syphace
1467 1841 1617 1882 auxilia
1639 1843 1703 1883 in-

368 1905 506 1960 gentia
539 1905 779 1944 adduxerat.
812 1899 1049 1955 quindecim
1081 1898 1208 1939 millia
1241 1899 1428 1952 peditum
1463 1899 1702 1954 Mezetulo,

367 1966 513 2004 decem
535 1962 663 2003 millia
683 1959 871 2014 equitum
901 1967 1029 1998 erant*
1092 1956 1354 2014 Qibuscum
1377 1958 1597 2010 Mafiniffa,
1627 1975 1702 2002 ne-

360 2036 576 2077 quaquam
610 2029 771 2060 tantum
806 2017 992 2073 peditum
1013 2016 1252 2070 equitumve
1272 2014 1444 2066 habens,
1477 2017 1562 2059 acie
1599 2033 1700 2060 con-

366 2081 489 2122 flixit.
509 2081 605 2121 vicit
627 2089 764 2119 tamen
788 2080 827 2119 δε
852 2086 1038 2118 veterum
1060 2075 1241 2115 militum
1262 2074 1408 2127 virtus,
1441 2078 1483 2118 δε
1516 2079 1698 2131 pruden-

362 2139 422 2185 ‚tia
444 2139 549 2180 inter
567 2139 758 2179 Romana
783 2138 820 2177 Sc
846 2134 1002 2177 Punica
1023 2148 1136 2174 arma
1167 2133 1381 2173 exercitati
1415 2134 1546 2176 ducis.
1608 2136 1696 2178 Re-

307 2194 311 2197 ’
363 2194 486 2252 gulas
507 2212 602 2239 cum
625 2206 759 2237 tutore
792 2197 831 2236 8<
848 2193 998 2248 exigua
1036 2191 1345 2248 Masaesylorum
1366 2204 1491 2234 manu
1526 2194 1567 2233 in
1587 2194 1695 2237 Kar-

364 2256 662 2314 thaginiensem
700 2267 846 2311 agrum
868 2250 1063 2308 perfugit.
1124 2251 1188 2292 Ita
1209 2259 1449 2305 recuperato
1471 2266 1600 2309 regno
1620 2268 1695 2309 pa-

1561 2321 1696 2366 terno,

409 2435 448 2468 C.
468 2445 523 2475 30.
550 2433 605 2476 (ι)
636 2430 860 2476 Abjec‘tissim}
886 2430 1067 2474 precando.
1117 2430 1203 2461 Mox
1229 2427 1358 2471 supple,
1378 2429 1505 2472 quoniam
1529 2429 1689 2464 auxilium

360 2478 428 2510 bello
444 2480 620 2523 impetrare
651 2494 703 2511 non
724 2486 850 2522 poterat.
895 2478 950 2519 (2)
965 2478 1000 2506 In
1030 2476 1092 2506 hoc
1119 2474 1252 2506 nomine
1280 2475 1438 2506 mendum
1452 2473 1554 2506 latere
1581 2486 1689 2519 prope

360 2532 488 2556 certum
504 2526 557 2558 est.
612 2527 739 2566 Thapsus
757 2523 845 2555 enim
860 2521 917 2554 sita
940 2521 1002 2553 suit
1021 2521 1108 2552 ultra
1123 2520 1362 2562 Karthaginem
1386 2519 1497 2551 versus
1513 2520 1688 2562 orientem,

361 2580 465 2611 quum
482 2571 613 2613 Syphax
632 2572 663 2602 8<
683 2568 849 2609 Masaesyli
879 2566 1058 2599 habitarint
1090 2566 1204 2597 versus
1229 2564 1437 2597 occidentem
1452 2565 1687 2609 Mass'ylorum.

1629 2669 1684 2702 us,
