1834 3099
127 191 209 222 120

140 616 196 648 Res
216 617 347 647 Greciae.

147 998 245 1028 ,εἶέοἶὶ
261 995 278 1027 ἃ
286 998 353 1026 Pha

145 1046 223 1085 lippo
238 1046 323 1074 meii-

152 1727 259 1769 Legaic‘
273 1738 336 1756 con-

153 1774 271 1802 veniunt
281 1774 320 1802 ad

150 1817 249 1848 bellum
265 1820 339 1848 diri-

152 1865 286 1894 mendum.

843 171 1143 217 T.L11·11

359 293 525 348 recepti
560 292 655 348 quia
677 293 845 347 repent&
879 293 987 334 fama
1011 292 1177 343 accidit,
1209 291 1370 332 claffem
1396 289 1599 332 Punicam
1622 289 1693 330 ad-

362 364 540 393 v.entare
577 324 790 406 oilogiiita
826 362 942 393 erant
975 355 1121 394 &tres
1153 364 1290 391 naves
1354 350 1463 390 Cum
1501 350 1549 390 iis
1581 347 1692 389 haud

363 413 509 465 procul
530 400 689 465 Clupea
710 409 898 466 prospere}
921 421 1078 466 pugnat
1111 411 1344 450 Romanus
1365 410 1506 450 decem
1533 411 1570 449 31
1595 407 1692 447 octo

365 470 537 511 navibus
567 470 711 524 captis,
744 468 895 524 fugatis
928 471 1031 518 aliis,
1064 484 1159 509 cum
1201 469 1350 524 magn&
1373 467 1550 508 terrestri
1573 480 1696 506 nava-

366 529 475 583 lique
494 529 646 582 pracda,
678 528 909 584 Lilybaeum
924 530 1046 568 rediit
1071 531 1110 583 (3
1119 532 1145 581 ).

426 587 569 629 XXX.
614 588 766 627 Eadem
823 588 958 628 testate
1019 590 1056 628 8<
1109 586 1322 641 Philippus
1380 583 1695 642 implorantibus

370 646 535 688 Achaeis
551 646 748 686 auxilium
772 647 882 687 tulit.
904 661 1006 700 quos
1028 650 1065 687 a*
1075 644 1348 686 Machanidas
1366 639 1698 700 tyrannusLaCe-

369 705 670 745 daemoniorum
704 704 883 745 finitimo
909 705 1057 757 belloss
1078 704 1246 752 urcbat3
1283 707 1321 744 δι
1347 701 1695 753 Jhtoli,nax1bus

369 778 441 818 per
463 764 633 815 fretum,
662 764 777 817 quod
800 764 1066 818 Naupaffihnn
1086 767 1123 804 &a
1143 734 1282 804 Fatr’as
1304 762 1515 811 interfluit,
1535 759 1696 817 (Rhion

371 825 515 863 incolze
533 825 699 877 vocant)
713 824 865 863 exercit
871 838 894 862 u
910 822 1098 878 trajeeto,
1132 824 1175 862 d
1171 821 1514 876 populatierant.
1581 821 1699 860 Atta-

370 883 456 921 lum
490 896 613 935 quoq
609 895 654 920 xe
695 895 834 936 regem
873 882 992 930 Afiae,
1037 882 1131 935 quia
1166 880 1297 920 AEtoli
1329 880 1536 920 summum
1564 877 1698 933 gentis

371 941 452 980 sua:
488 940 768 994 magistratum
809 941 858 980 ad
892 954 985 980 eum
1018 940 1206 993 proximo
1242 939 1417 979 concilio
1450 939 1697 984 detulerant,

372 998 481 1038 fama
499 1007 585 1038 erat
602 998 643 1037 in
666 998 874 1052 Europam
897 999 1182 1053 trajecturum.
1246 998 1314 1038 Ob
1332 997 1419 1039 haec
1441 995 1664 1051 Philippo
1656 1009 1696 1035 m

374 1057 582 1098 Graeciam
616 1056 878 1097 descendenti
912 1059 963 1097 ad
1000 1057 1189 1098 Lamiam
1224 1057 1368 1098 urbem
1401 1055 1548 1104 AEtoli,
1593 1057 1698 1095 duce

373 1115 560 1172 Pyrrhia,
594 1114 664 1169 qui
687 1125 837 1170 praetor
859 1115 900 1155 in
932 1130 1027 1155 eum
1051 1129 1206 1155 annum
1240 1130 1335 1155 cum
1367 1114 1529 1155 absente
1554 1114 1698 1154 Attalo

373 1184 533 1215 creatus
555 1183 656 1223 erat,
688 1184 970 1215 occurrerunt.
1035 1174 1256 1215 Habebam:
1272 1177 1313 1216 δε
1337 1173 1386 1214 ab
1411 1174 1553 1214 Attalo
1582 1172 1699 1212 auxi-

344 1248 358 1260 *
374 1234 426 1273 lia
444 1233 608 1273 secum:
643 1235 683 1275 &
708 1234 818 1273 mille
848 1233 978 1274 serme
1001 1248 1055 1273 ex
1073 1234 1261 1274 Romana
1284 1233 1416 1282 claffe,
1448 1247 1470 1272 a
1491 1231 1538 1272 P.
1561 1231 1700 1285 Sulpi-

373 1293 437 1333 cio
456 1293 602 1332 missos.
667 1289 998 1333 Adversushunc
1022 1293 1169 1333 ducem
1193 1302 1315 1347 atque
1348 1291 1422 1332 has
1444 1291 1582 1346 copias
1602 1289 1701 1331 Phi-

374 1352 510 1406 lippus
536 1351 597 1391 bis
631 1351 823 1406 prospero
856 1364 1007 1391 eventu
1043 1352 1266 1408 pugnavit:
1298 1350 1408 1391 mille
1436 1355 1451 1402 Η
1476 1350 1700 1390 admodum

374 1410 553 1450 hostium
577 1411 748 1464 utrrique
771 1410 909 1464 pugna
930 1409 1094 1451 occidit.
1156 1410 1258 1450 Inde
1281 1424 1409 1464 quum
1432 1409 1563 1449 AEtoli
1586 1417 1700 1448 metu

376 1469 571 1522 compulsi
594 1469 751 1510 Lamiae
781 1468 893 1509 urbis
921 1468 1127 1510 moenibus
1147 1479 1332 1510 tenerent
1355 1468 1451 1518 sese,
1483 1468 1700 1522 Philippus

374 1529 424 1567 ad
446 1527 618 1568 Phalara
640 1527 868 1569 exercitum
889 1528 1067 1567 reduxit.
1082 1528 1122 1567 in
1147 1531 1208 1583 (1)
1230 1528 1410 1569 Maliaco
1433 1529 1518 1568 {inu
1535 1527 1567 1567 is
1585 1529 1700 1567 locus

374 1587 447 1633 est,
480 1588 688 1640 quondam
707 1587 943 1640 frequenter
959 1584 1166 1627 habitatus
1187 1598 1354 1641 propter
1373 1587 1584 1643 egregium
1607 1600 1702 1641 por-

377 1655 482 1692 tum,
514 1643 847 1700 tutasquecirca
880 1644 1087 1693 stationes,
1122 1648 1162 1686 δι’
1200 1646 1320 1686 aliam
1349 1646 1703 1700 opportunitatem

380 1703 628 1744 maritimam
662 1705 989 1757 terrestremque.
1053 1701 1113 1744 Eo
1151 1705 1273 1760 legati
1310 1703 1360 1745 ab
1397 1718 1492 1760 rege
1529 1704 1703 1761 AEgypti

379 1763 619 1811 Ptolemaeo,
652 1762 926 1816 Rhodiisque,
961 1765 1001 1803 ὅτ
1027 1761 1360 1812 Atheniensibus,
1396 1762 1566 1804 &Chiis
1580 1777 1703 1804 vene-

380 1832 491 1870 runt,
520 1823 570 1861 ad
592 1821 870 1862 dirimendum
899 1820 1005 1860 inter
1034 1820 1270 1876 Philippum
1294 1832 1415 1876 atque
1434 1822 1598 1864 AEtolos
1619 1821 1705 1864 bel-

379 1881 481 1920 lum.
547 1877 772 1920 Adhibitus
808 1878 856 1920 ab
882 1879 1034 1920 AEtolis
1075 1882 1111 1920 ἃ
1147 1895 1196 1920 ex
1240 1879 1425 1922 finitimis
1465 1879 1704 1936 pacificator

379 1940 667 1996 Amynander,
717 1953 792 1979 rex
828 1938 1124 1978 Athamanum.
1199 1938 1403 1980 Omnium
1445 1949 1582 1980 autem
1619 1955 1703 1982 non

379 2007 492 2039 tanta
527 2013 600 2052 pro
623 1997 776 2038 AEtolis
814 2011 912 2037 cura
948 2007 1049 2047 erat,
1083 1999 1154 2067 (2)
1168 1996 1438 2039 ferocioribus
1471 2012 1596 2054 quam
1626 2014 1702 2055 pro

378 2055 553 2112 ingeniis
578 2057 823 2098 Graecorum
845 2055 1003 2122 gentis:
1036 2070 1161 2109 quam
1192 2059 1253 2112 (3)
1291 2071 1341 2097 ne
1369 2057 1582 2113 Philippus
1613 2073 1705 2113 reg-

378 2129 561 2170 numque
603 2116 707 2172 ejus,
739 2129 860 2170 grave
903 2111 1078 2154 libertati
1116 2114 1323 2166 futurum,
1369 2115 1490 2158 rebus
1527 2117 1705 2159 Graeciae

376 2174 688 2216 immisceretur.
750 2174 817 2215 De
832 2187 931 2229 pace
944 2173 1067 2214 dilata
1084 2173 1326 2215 consultatio
1349 2175 1432 2217 est
1421 2190 1463 2215 m
1480 2176 1704 2218 concilium

1428 2234 1702 2286 Achaeorurm

381 2354 434 2393 (3)
460 2351 537 2384 vid.
554 2357 612 2383 not
644 2360 673 2383 1.
695 2352 736 2383 ad
755 2351 980 2393 c.15.supra.

428 2401 467 2430 C.
489 2408 540 2438 30.
559 2399 615 2438 (ι)
638 2399 675 2428 ln
692 2408 749 2428 ora
766 2397 932 2439 adjacente
951 2396 991 2428 πᾶ
1019 2396 1123 2428 finum
1150 2396 1343 2429 Maliacum.
1389 2399 1476 2430 Sinus
1491 2397 1615 2431 dicitur
1637 2409 1701 2441 pro

381 2445 478 2475 terris
495 2446 581 2475 circa
598 2443 712 2474 linum.
762 2442 916 2474 Sicinsra
945 2443 964 2473 l.
984 2442 1037 2475 28.
1053 2454 1082 2474 c.
1103 2453 1136 2482 5.
1145 2445 1313 2484 sgetibus..
1321 2445 1457 2475 ,maxim³
1464 2446 1702 2496 insnuAEnia-

380 2503 445 2520 num
462 2490 601 2528 vastatis.
649 2490 704 2530 (2)
732 2488 796 2532 Qi
828 2488 1006 2519 ferociores
1037 2496 1143 2525 erant,
1165 2499 1265 2529 quam
1283 2499 1346 2531 pro
1362 2488 1503 2532 ingeniis
1515 2490 1621 2532 gentis
1645 2489 1703 2521 ali·

382 2536 473 2577 cujus
490 2537 565 2565 Grae
559 2545 698 2566 corum
745 2535 800 2575 (3)
823 2537 871 2565 At
898 2533 917 2563 fi
935 2532 1049 2575 legeris
1066 2533 1250 2565 orationem
1267 2533 1394 2577 Lycisci
1408 2535 1593 2567 Acar-nanis
1607 2536 1640 2568 δε
1657 2536 1703 2567 le·

381 2588 534 2620 gatorum
552 2580 720 2611 Ptolemaei
732 2580 821 2621 apud
835 2579 951 2621 Polyb.
971 2581 990 2610 Ι.
1008 2589 1038 2620 9.
1060 2580 1092 2610 δε
1113 2589 1164 2610 ιι.
1194 2579 1271 2611 scies
1293 2579 1450 2621 majorem
1465 2589 1590 2612 metum
1607 2580 1701 2614 fuiffe

383 2626 424 2660 de
437 2625 607 2663 Romanis,
630 2626 731 2668 quam
751 2626 791 2657 de
809 2624 974 2667 Philippo.
1020 2626 1105 2656 Mox
1119 2625 1217 2657 etiam
1235 2625 1363 2658 noster:
1388 2639 1421 2655 ne
1436 2627 1519 2669 causa
1534 2635 1585 2659 aut
1593 2629 1701 2661 Roma-

1655 2685 1699 2705 ms
