1834 3099
458 187 694 232 LIBER
736 187 897 230 XXVI.
935 188 1094 231 CAP.
1129 191 1244 233 XIX.

196 303 383 345 tudinem
405 319 628 361 curamque
664 305 880 346 hominum
912 309 972 361 (Ι)
995 307 1177 347 animum
1215 309 1402 361 advertit,
1435 311 1504 350 ad-

196 365 340 404 vocata
374 365 589 414 concione,
621 365 676 405 ita
695 366 746 406 de
767 375 885 405 aetate
908 365 977 405 sua
1008 366 1261 420 imperioque
1294 370 1504 420 mandato,

197 423 239 462 &
272 421 378 462 bello
416 425 525 477 quod
561 424 792 478 gerundum
825 423 936 475 efl'et,
968 438 1118 479 magno
1149 427 1336 479 elatoque
1369 428 1506 468 animo

198 479 392 532 differuit,
414 493 458 522 ut
479 483 664 522 ardorem
686 495 797 535 eum,
825 482 896 535 qui
918 482 1134 532 resederat,
1155 485 1347 524 excitaret
1369 486 1505 528 rursus

196 550 474 593 novaretque:
509 543 546 582 δε
571 546 585 590 Η
605 540 791 594 impleret
813 539 1000 582 homines
1032 542 1214 582 certioris
1252 543 1348 597 spei,
1382 542 1505 596 quam

197 608 392 650 quantam
417 599 516 640 fides
545 598 722 653 promiffi
750 598 937 648 humani,
970 610 1038 639 aut
1069 601 1171 640 ratio
1193 603 1254 655 (2)
1277 616 1324 641 ex
1357 601 1507 642 fiducia

197 669 335 695 rerum
358 656 553 713 subjicere
576 657 687 698 solet.
765 658 859 697 Fuit
882 657 992 697 enim
1023 658 1163 712 Scipio
1185 673 1267 698 non
1289 660 1392 700 veris
1419 671 1507 700 tan-

197 715 289 753 tum
305 714 522 756 virtutibus
549 715 759 765 mirabilis,
791 715 858 755 sed
882 727 966 756 arte
988 731 1153 771 quoque
1176 719 1351 771 quadam
1374 718 1422 758 ab
1439 720 1506 774 ju-

1691 202 1743 244 29

1526 703 1663 744 Sct‘pionie
1677 716 1728 735 ar-

1524 756 1563 778 tes
1573 751 1648 791 apud
1656 752 1729 780 mul-

195 772 317 814 venta
349 774 390 814 in
427 775 740 815 ostentationem
771 788 913 815 earum
932 777 992 831 (3)
1011 776 1282 829 compositus:
1314 778 1504 831 pleraque
1523 797 1676 827 much-nem,

195 833 306 886 apud
337 833 729 887 multitudinem,(4)
762 843 832 872 aut
866 847 938 887 per
969 834 1193 875 noeturnae,
1224 834 1304 875 visa
1339 835 1506 890 species,

194 899 266 929 aut
300 891 411 931 velut
445 891 639 932 divinitus
669 903 806 931 mente
838 892 1007 943 monita,
1039 906 1191 947 agens:
1235 894 1312 933 five
1345 898 1386 936 δε
1423 895 1505 949 ipse

193 948 303 1003 capti
343 950 519 1003 quadam
560 950 840 1005 superstitione
870 952 1010 1001 animi,
1044 952 1119 992 five
1153 954 1214 1007 (5)
1251 962 1296 992 ut
1337 952 1506 1007 imperia

195 1006 457 1062 consiliaque,
488 1010 600 1049 velut
636 1009 740 1049 sorte
778 1010 932 1050 oraculi
969 1010 1096 1062 miffa,
1129 1010 1208 1051 fine
1240 1011 1503 1053 cunetatione

194 1065 592 1124 exsequerentur(6).
657 1069 724 1108 Ad
745 1066 825 1108 hoc
843 1069 929 1123 jam
953 1069 1046 1109 inde
1064 1069 1113 1110 ab
1136 1069 1251 1110 initio
1272 1085 1503 1125 praeparans

194 1124 369 1174 animos,
401 1140 450 1166 ex
473 1141 556 1180 quo
576 1136 716 1182 togam
746 1126 904 1167 virilem
938 1128 1117 1182 sumpsit,
1148 1130 1261 1168 nullo
1294 1130 1357 1169 die
1389 1127 1503 1185 prins

196 1183 321 1223 ullam
344 1185 549 1238 publicam
573 1186 853 1239 privatamque
876 1200 962 1226 rem
985 1187 1082 1241 egit,
1115 1186 1239 1241 quam
1272 1187 1313 1226 in
1337 1187 1504 1242 Capito·

193 1240 296 1280 lium
319 1242 411 1293 iret,
444 1243 717 1299 ingreffusque
748 1246 878 1284 aedem
901 1246 1149 1286 confideret:
1184 1248 1222 1286 8<
1260 1247 1502 1300 plerumque

195 1297 302 1340 solus
325 1301 366 1340 in
391 1307 406 1353 Η
429 1302 580 1342 secreto
603 1302 657 1342 ibi
690 1312 851 1357 tempus
876 1313 1036 1345 tereret.
1098 1305 1180 1345 Hic
1203 1319 1307 1354 mos,
1340 1304 1410 1359 qui
1431 1320 1503 1359 per

192 1371 361 1398 ornnem
381 1360 506 1400 vitam
527 1360 771 1410 servabatur,
794 1361 862 1402 seu
894 1360 1095 1410 consulto,
1128 1362 1196 1402 seu
1217 1372 1384 1414 temere,
1415 1365 1504 1404 vul-

190 1426 295 1471 gatae
316 1418 499 1472 opinioni
522 1418 645 1458 fidem
668 1420 774 1473 apud
794 1420 989 1473 quosdam
1012 1420 1125 1470 fecit,
1141 1421 1271 1475 stirpis
1289 1436 1382 1462 eum
1402 1422 1504 1462 divi-

192 1488 256 1516 nae
278 1476 411 1516 virum
429 1477 532 1526 efl'e3
566 1478 787 1532 retulitque
803 1478 973 1531 famam,
1005 1480 1046 1519 in
1082 1480 1315 1520 Alexandro
1339 1481 1500 1536 Magno

191 1534 306 1588 prius
327 1537 549 1591 vulgatam,
585 1539 623 1577 δε
653 1539 716 1591 (7)
738 1537 914 1578 vanitate
937 1541 976 1580 δε
1000 1537 1137 1578 fabula
1170 1553 1324 1592 parem,
1356 1541 1501 1595 anguis

189 1592 382 1635 immanis
417 1594 638 1636 concubitu
673 1606 934 1649 conceptum,
982 1599 1022 1638 &
1063 1596 1105 1636 in
1136 1597 1326 1638 cubiculo
1361 1599 1500 1640 matris

189 1652 279 1708 ejus
305 1652 482 1709 persaepe
505 1653 629 1694 visam
658 1654 834 1710 prodigii
864 1656 951 1711 ejus
975 1655 1166 1710 speciem,
1188 1656 1501 1710 interventuque

191 1710 410 1753 hominurn
451 1714 657 1754 evolutam
697 1717 880 1768 repente,
912 1725 1034 1768 atque
1070 1728 1123 1756 ex
1145 1715 1274 1755 oculis
1311 1715 1499 1769 elapsam.

192 1769 273 1811 His
295 1771 501 1812 miraculis
523 1785 735 1825 nunquam
758 1771 807 1812 ab
830 1772 914 1826 ipso
932 1776 994 1828 (8)
1010 1773 1118 1814 elusa
1155 1773 1256 1814 fides
1288 1774 1370 1814 est:
1402 1774 1501 1828 quin

193 1827 333 1883 potius
354 1830 476 1871 austa
498 1839 582 1870 arte
609 1829 804 1884 quadam,
825 1845 900 1872 nec
933 1830 1139 1872 abnuendi
1165 1834 1242 1873 tale
1265 1833 1503 1886 quicquam,

193 1901 268 1928 nec
298 1889 432 1943 palam
454 1889 697 1930 affirmandi.
750 1889 897 1931 -Multa
928 1891 1004 1930 alia
1026 1891 1206 1946 ejusdem
1227 1891 1402 1946 generis,
1426 1891 1503 1931 alia

191 1959 303 1999 vera,
335 1947 411 1988 alia
432 1947 669 2000 affimulata,
700 1948 978 1989 admirationis
1001 1949 1190 1990 humanae
1212 1949 1254 1988 in
1276 1963 1324 1989 eo
1350 1950 1502 2005 juvene

195 2005 443 2047 excesserant
482 2008 679 2065 gnodum:
730 2006 880 2061 quibus
916 2006 1019 2047 freta
1067 2017 1164 2049 tunc
1201 2008 1359 2059 civitas,
1393 2008 1502 2048 aetati

1183 2066 1503 2120 haudquaquam

238 2183 277 2214 C·
294 2193 348 2225 19.
372 2183 429 2225 (1)
441 2185 601 2225 Animumss
622 2185 748 2214 advertit
763 2182 851 2219 dedi,
875 2194 938 2225 pro
956 2186 1186 2217 animadvertit;
1215 2185 1305 2226 quod
1323 2185 1354 2215 ἃ
1372 2184 1405 2215 in
1421 2194 1500 2216 con-

194 2234 322 2260 textum
339 2229 369 2260 se
387 2228 538 2271 recepiss'e
555 2228 848 2260 Drakenborchius
870 2229 1015 2267 testatur,
1038 2229 1186 2271 recipere
1201 2238 1310 2261 tamen
1325 2230 1442 2262 omisit.
1463 2232 1502 2262 E.

194 2275 252 2316 (2)
276 2274 374 2306 Ratio
393 2274 468 2305 nixa
484 2274 582 2306 rebus
598 2273 681 2316 ipfis.
728 2275 856 2315 Nempe
873 2274 907 2305 in
924 2275 986 2306 hoc
1003 2275 1134 2317 negotio
1146 2275 1261 2307 Livius
1278 2275 1403 2317 aliquid
1419 2279 1503 2318 pene

193 2319 343 2352 divinum
360 2320 517 2362 agnoscit.
565 2321 620 2361 (3)
645 2319 695 2351 Sic
716 2320 795 2350 Tac.
817 2319 836 2349 l.
858 2330 908 2359 ¹3·
927 2324 1053 2352 Ann.c.
1074 2330 1128 2352 20.
1152 2324 1192 2351 ad
1205 2321 1360 2360 maestitt'am
1376 2323 1503 2365 compost-

193 2373 248 2396 tus.
300 2366 356 2408 (4)
379 2368 556 2407 Tanquam
573 2373 628 2396 aut
647 2376 706 2406 per
721 2365 853 2395 nonem
877 2365 911 2396 in
927 2365 1045 2397 somnis
1060 2377 1096 2397 ea
1114 2365 1252 2404 vidiffet,
1273 2375 1330 2398 aut
1347 2367 1502 2399 instine‘tu

194 2411 310 2443 divino
326 2421 517 2443 moneretur
531 2411 611 2452 quid
628 2410 703 2442 esset
720 2410 781 2441 diis
798 2410 902 2444 cordi.
951 2411 1121 2453 [Ceterum
1139 2411 1229 2453 prius
1254 2421 1305 2443 aut
1322 2412 1355 2443 in
1378 2420 1408 2443 ut
1430 2423 1503 2444 mu-

195 2458 335 2489 tandum
351 2458 478 2489 censeo.
528 2457 604 2488 Vid.
626 2459 637 2498 Η
656 2464 686 2486 ut
709 2466 770 2498 pro
787 2463 931 2497 tanquam·
958 2457 1048 2488 Alibi
1072 2464 1161 2489 certe
1175 2457 1221 2489 hae
1244 2457 1415 2500 particulae
1431 2470 1449 2490 a
1464 2459 1502 2489 li-

195 2502 314 2535 brariis
330 2504 581 2535 confunduntur
595 2516 602 2535 t
630 2503 661 2533 &
684 2501 756 2543 jure
769 2501 924 2543 Dukerus
941 2501 1067 2543 quaerit‚
1090 2513 1150 2534 cur
1167 2502 1334 2544 posteriori
1353 2504 1502 2536 membro

195 2549 288 2581 addit
305 2552 394 2587 velut,
415 2560 482 2580 non
499 2548 578 2580 item
595 2547 697 2590 priori
714 2547 725 2579 ?
751 2546 803 2590 E.]
830 2546 831 2549 ’
849 2547 906 2588 (5)
929 2548 1089 2580 Posterius
1105 2548 1168 2580 hoc
1192 2549 1311 2590 probat
1336 2549 1505 2592 Polybius,

195 2594 219 2625 Ι.
254 2605 306 2632 ιο,
364 2595 420 2637 (6)
445 2593 605 2625 Homines
639 2603 768 2635 nempe,
791 2592 912 2633 quibus
933 2592 1123 2636 imperaret,
1153 2602 1210 2626 aut
1245 2594 1376 2627 consilia
1401 2596 1503 2627 daret.

192 2640 248 2682 (7)
270 2642 382 2683 AEque
395 2651 526 2678 vanam,
549 2640 581 2672 &
598 2639 731 2682 prorsus
747 2637 892 2671 fimilem.
949 2639 1006 2683 (8)
1019 2638 1079 2673 ,Sic
1096 2638 1184 2672 infra
1196 2640 1219 2673 1.
1244 2640 1300 2674 28.
1318 2652 1345 2673 c.
1360 2651 1419 2680 44.
1439 2642 1505 2683 glo·

1426 2689 1503 2717 risa
