1834 3099
339 178 586 219 LIBER
634 176 839 220 xxvm.
883 177 1045 219 CAP.
1093 177 1227 221 XLV.
1578 196 1657 239 213

109 294 243 335 vincia
279 294 423 336 Africa
466 295 535 336 fibi
570 296 871 346 decerneretur,
918 295 969 335 ad
1006 296 1205 350 populum
1226 296 1433 350 extemplo

107 353 301 394 laturum.
340 353 476 408 itaque
499 354 764 413 QFulv-ius,
798 353 867 407 qui
905 353 1044 393 consul
1066 365 1210 408 quater
1232 356 1268 394 ὃ(
1293 354 1434 394 censor

111 408 261 460 fuerat,
294 412 510 466 postulavit
532 428 554 452 a
576 412 756 460 consule,
791 424 834 452 ut
865 413 999 466 palam
1023 412 1064 451 in
1101 412 1240 452 senatu
1263 413 1432 464 diceret,

106 472 389 523 permitteretne
409 472 608 521 Patribus,
640 479 683 510 ut
703 471 746 510 de
774 472 985 523 provinciis
1014 471 1248 510 decernerent
1265 474 1286 509 .9
1319 471 1434 526 sssta-

113 528 290 583 turusque
311 545 346 569 eo
367 531 462 586 effi't,
495 530 590 584 qnod
620 545 683 569 cen
701 530 841 585 llffm‘,
872 545 922 568 un
952 529 1006 568 ad
1032 530 1212 582 populum
1246 530 1394 569 laturus
1411 533 1431 568 ,Ρ

112 587 259 644 Qum
298 588 437 642 Scipio
480 588 755 642 respondill‘et‚
799 587 854 639 se,
899 588 1054 640 quode
1077 587 1283 642 republica
1320 589 1433 638 effer,

114 644 356 695 fafiturum3
390 657 477 686 tum
501 646 683 695 Fulvius,
717 645 806 685 Non
841 662 902 699 ego
922 648 1096 700 ignarus,
1129 646 1222 700 quid
1254 647 1436 702 responſsc-

112 720 182 744 rus
187 704 421 761 fhHztrusve
440 707 534 761 effis,
566 704 726 760 qlllfflvi‚
758 705 889 758 quippe
923 719 1036 758 quum
1054 715 1131 758 prae
1151 714 1187 744 te
1191 705 1325 760 firas,
1354 714 1435 743 ten-

114 771 197 803 tare
228 765 361 818 magis,
393 763 506 817 quiam
526 764 704 819 consulere
711 764 903 818 finarum,
940 763 1006 812 ⁸⁹:⁵5²,
1039 764 1080 800 m'
1094 764 1331 815 provinciam
1352 764 1436 814 tihi,

112 838 226 876 quam
266 823 446 871 volueris,
493 823 667 874 extemplo
700 822 954 872 decernamus,
993 830 1174 875 paratam
1213 823 1435 875 rogationem

112 879 260 920 habeas.
323 881 456 935 Itaque
489 897 513 919 a
552 881 670 930 vabis,
701 882 845 920 tribuni
875 881 1008 933 plebis,
1032 880 1181 934 pqstztlo,
1214 880 1362 935 inquit,
1395 888 1438 920 ut

97 939 326 994 sententiam
349 938 441 978 mihi
471 938 546 978 ideo
580 954 650 978 που
691 940 839 988 dicenti,
871 938 984 993 qued,
1017 937 1080 993 εζβ
1097 940 1137 978 in
1158 955 1277 979 meam
1284 940 1438 994 semen-

112 999 205 1037 tiam
226 1003 251 1051 -ξ-
270 997 493 1053 discedatur,
526 1013 595 1037 non
616 997 673 1052 stt
711 1008 838 1037 rutum
879 997 1076 1037 habiturus
1111 997 1251 1055 confitl,
1300 999 1438 1037 anxilio

97 1055 201 1111 sitis.
264 1056 364 1096 Inde
382 1056 591 1096 altercatio
609 1067 712 1105 orta,
745 1071 872 1110 quum
897 1056 1037 1096 contul
1058 1067 1239 1111 negaret,
1271 1070 1438 1110 aequum

110 1114 187 1154 effe
210 1113 396 1155 tribunos
418 1114 685 1164 intercedere,
717 1130 800 1169 quo
821 1112 958 1155 minus
982 1118 1045 1168 (1)
1067 1114 1138 1155 suo
1155 1114 1324 1169 quisque
1347 1116 1438 1155 loco

112 1173 272 1214 senator
294 1166 459 1228 rogatus
476 1172 716 1214 sententiam
736 1174 900 1214 diceret.
965 1173 1142 1214 'lribuni
1171 1175 1226 1214 ita
1248 1175 1393 1215 decrev
1385 1188 1440 1214 e—

114 1242 228 1282 runt,
262 1231 303 1272 Si
322 1232 445 1288 consul
459 1232 613 1287 senatui
645 1232 689 1272 de
717 1234 925 1286 provinciis
945 1236 968 1284 ‡
987 1234 1195 1286 permittit,
1226 1232 1361 1289 ‡stari
1389 1248 1439 1283 eo,

117 1290 215 1346 quod
216 1291 376 1347 senatus
395 1291 587 1346 cetgfiterit,
613 1291 735 1345 placet
752 1313 766 1337 ‚·
801 1307 865 1331 nec
885 1291 928 1331 de
948 1292 994 1330 eci
1021 1307 1062 1330 re
1066 1292 1180 1347 fi’rri
1199 1292 1251 1331 ad
1261 1291 1440 1344 populum

107 1351 331 1404 patiemur.-
345 1348 389 1404 st
404 1365 473 1390 non
477 1351 684 1403 permittit,
717 1352 783 1404 qui
812 1350 855 1390 de
875 1351 920 1390 ed
956 1349 1229 1406 rejsententiam
1265 1349 1442 1404 reczfizbit

115 1408 249 1460 dicere,
295 1408 435 1448 auxilio
469 1409 625 1449 erimus.
687 1408 838 1448 Consul
881 1409 990 1448 diem
1032 1409 1082 1448 ad
1119 1409 1441 1462 colloquendum

114 1480 211 1508 cum
246 1466 403 1522 collega
442 1467 572 1521 petiit.
634 1465 802 1507 Postero
836 1467 900 1507 die
933 1467 1169 1521 permissum
1190 1467 1346 1507 senatui
1367 1466 1439 1508 est

112 1525 341 1566 Provinciae
376 1525 432 1565 ita
468 1526 671 1566 decretae:
703 1525 817 1565 alteri
854 1525 1011 1566 consuli
1041 1525 1180 1566 Sicilia
1202 1529 1243 1568 &
1275 1525 1442 1581 triginta
1462 1551 1495 1580 S
1517 1551 1591 1584 cde

116 1584 300 1625 rostratae
335 1597 474 1634 naves,
505 1598 609 1637 quas
643 1583 690 1624 C.
715 1584 911 1625 Servilius
949 1583 1153 1638 superiore
1176 1598 1283 1624 anno
1311 1583 1444 1625 habu·
1463 1599 1577 1628 vinciis

115 1643 230 1683 isset.
260 1642 594 1698 permiffumque,
627 1642 730 1682 utin
757 1642 957 1692 Africam,
991 1643 1017 1682 si
1039 1642 1081 1683 id
1103 1657 1124 1683 e
1144 1642 1354 1697 republica
1368 1643 1445 1684 esse

115 1701 311 1746 censeret,
343 1701 561 1759 trajiceret.
595 1700 711 1742 alteri
733 1701 886 1742 Bruttii
914 1705 955 1744 &
978 1700 1132 1745 bellum
1155 1715 1251 1743 cum
1283 1701 1448 1742 Hanni-

115 1759 222 1814 bale,
253 1775 350 1802 cum
372 1775 421 1800 eo
450 1760 648 1810 exercitu,
681 1775 805 1816 quem
827 1761 877 1801 L.
901 1760 1113 1810 Veturius,
1146 1770 1216 1801 aut
1239 1760 1294 1816 Q.
1316 1759 1448 1801 Caeci-

119 1819 198 1860 lius
219 1821 297 1875 (2).
319 1819 362 1860 hi
391 1822 428 1861 &
455 1819 696 1860 sortirentur
717 1819 822 1860 inter
845 1819 898 1869 se,
929 1825 954 1872 †
975 1830 1324 1873 compararentve,
1358 1828 1448 1859 uter

118 1878 162 1918 in
187 1878 357 1919 Bruttiis
374 1876 534 1918 duabus
554 1878 800 1933 legionibus,
829 1893 931 1932 quas
954 1877 1093 1918 consul
1123 1880 1183 1932 (3)
1210 1877 1448 1931 reliquisset,

121 1951 208 1977 rem
236 1947 423 1992 gereret:
455 1937 758 1992 imperiumque
790 1937 832 1977 in
866 1950 1019 1976 annum
1042 1946 1347 1991 prorogaretur,
1380 1935 1447 1976 cui

120 2010 166 2037 ea
183 1995 390 2050 provincia
407 1995 609 2035 eveniffet.
628 1998 669 2036 δε
693 1995 836 2036 ceteris
860 1999 938 2049 (4),
971 2005 1117 2048 praeter
1139 1993 1323 2035 consules
1345 2009 1449 2048 prae-

123 2054 327 2108 toresque,
361 2053 431 2107 qui
453 2052 702 2095 exercitibus
739 2053 1039 2108 provinciisque
1069 2052 1286 2107 praefuturi
1317 2062 1449 2104 erant,

123 2122 341 2168 prorogata
364 2112 548 2166 imperia.
608 2111 856 2181 QCaecilio
873 2112 976 2152 sorte
999 2113 1147 2160 evenit,
1181 2121 1226 2151 ut
1241 2125 1335 2152 curn
1354 2125 1454 2152 con-

126 2172 210 2212 sule
252 2173 294 2212 in
331 2170 502 2211 Bruttiis
536 2168 730 2211 adversus
772 2170 1048 2211 Hannibalem
1084 2146 1238 2211 bellum
1279 2178 1450 2225 gereret.

128 2230 237 2273 Ludi
268 2229 416 2270 deinde
449 2229 653 2284 Scipionis
683 2243 830 2284 magna
853 2223 1082 2283 frequentia
1106 2232 1146 2270 δι
1181 2228 1319 2269 favore
1343 2228 1454 2283 spec-

124 2289 304 2329 tantium
327 2287 531 2329 celebrati.
593 2288 754 2343 Legati,
786 2287 972 2341 Delphos
991 2289 1040 2327 ad
1061 2288 1217 2328 donum
1246 2301 1294 2329 ex
1317 2287 1454 2342 praeda

127 2346 396 2389 Hasdrubalis
428 2347 678 2401 portandum
712 2346 842 2397 miffi‚·
863 2347 926 2388 Μ.
949 2346 1204 2401 Pomponius
1239 2346 1387 2386 Matho
1413 2348 1452 2386 &

1217 2404 1283 2462 Q
1297 2404 1457 2455 Catius,

175 2521 214 2557 C.
233 2534 285 2564 45.
315 2525 372 2566 (1)
389 2523 439 2556 Sic
463 2522 560 2566 supr&
578 2524 601 2555 l.
620 2533 672 2561 40.
685 2537 735 2554 non
743 2524 904 2565 senatorem
921 2524 1007 2561 mods),
1029 2526 1092 2566 qui,
1115 2526 1146 2554 de
1162 2537 1213 2566 quo
1229 2523 1390 2564 confiditur,
1403 2524 1459 2564 suo

131 2573 185 2602 loco
195 2571 455 2612 dicitsententiam.
504 2569 642 2601 Prorsus
653 2569 800 2600 similiter
817 2569 974 2600 nostrates
988 2571 1026 2600 de
1041 2570 1154 2602 elidem
1172 2581 1206 2601 re
1224 2569 1352 2605 dicunt,
1375 2573 1402 2598 in
1417 2568 1460 2599 his

128 2617 222 2658 place.
240 2617 279 2646 E.
328 2616 385 2658 (2)
403 2615 526 2658 Supple
553 2626 590 2646 ex
610 2614 868 2657 praecedentibus
886 2615 1031 2659 habufflt.
1081 2616 1136 2656 (3)
1153 2615 1222 2657 Ipse
1240 2625 1371 2655 nempe,
1393 2615 1461 2645 Ve-

134 2661 242 2694 turius
274 2669 331 2693 aut
350 2661 514 2695 Caecilius.
564 2661 620 2706 ’4)
645 2660 852 2705 QClaudio
880 2668 1004 2699 tamen,
1024 2661 1081 2703 qui
1098 2663 1283 2693 Tarentum
1308 2659 1463 2695 habebat,

1254 2704 1464 2738 successurem

1601 1558 1675 1594 pr,-
