1860 3099
396 166 642 216 LIBER
696 155 869 206 XXIV.
933 156 1102 209 CAP.
1162 166 1218 215 ΙΙ,

132 295 256 341 atque
277 297 450 326 evocare
480 283 687 342 principes
705 282 973 325 Locrenlium
996 282 1046 328 ad
1065 282 1320 338 colloquium
1331 283 1460 342 jusiit,

134 347 193 396 δι,
214 344 456 400 pollicentes
477 343 701 386 amicitiam
723 341 988 392 Hannibalis,
1010 340 1219 386 adhortari
1241 344 1291 384 ad
1315 343 1461 385 urbem

132 403 388 444 tradendam.
451 401 624 445 Bruttiis
644 402 687 442 in
710 401 919 457 colloquio
941 401 1096 447 nullius
1117 401 1175 448 rei
1198 400 1335 456 primo
1359 403 1461 445 fides

131 460 208 502 est:
239 462 387 512 deinde
411 472 461 511 ut
478 463 633 505 Poenus
655 460 846 516 apparuit
867 461 910 507 in
930 459 1121 510 collibus,
1145 462 1185 502 δε
1208 460 1460 517 refugientes

133 520 256 576 pauci
277 520 399 562 aliam
427 533 596 562 omnem
633 518 945 561 multitudinem
980 519 1022 558 in
1059 518 1258 574 potestate
1278 518 1460 561 hostium

130 577 209 619 effe
224 579 448 621 afferebant
470 596 483 630 3
516 589 621 628 tum,
638 589 752 620 metu
774 577 889 628 visti,
908 577 1166 627 consulturos
1196 577 1235 619 se
1257 579 1459 634 populum

135 636 447 693 responderunt.
481 638 761 692 advocataque
783 638 991 692 extemplo
1013 637 1234 690 concione,
1263 636 1394 692 quum
1419 640 1457 679 &

135 695 355 739 leviffimus
387 697 559 752 quisque
587 710 714 738 novas
749 710 815 737 res
840 709 1074 752 novamque
1106 695 1342 737 societatem
1360 697 1463 737 mal-

137 755 239 806 lent,
275 757 333 809 ὃς,
371 769 553 812 quorum
588 755 811 811 propinqui
852 764 967 795 extra
998 754 1143 796 urbem
1179 755 1383 797 interclusi
1408 755 1458 797 ab

137 814 322 856 hostibus
336 825 469 866 erant,
487 814 601 855 velut
621 814 828 856 obsidibus
850 813 970 863 datis,
989 817 1056 869 (3)
1072 815 1307 871 pigneratos
1339 814 1464 856 habe-

139 884 231 915 rent
250 874 429 927 animos,
450 872 572 929 pauci
588 873 717 930 magis
738 872 853 914 taciti
875 871 1095 928 probarent
1130 873 1386 916 constantem
1416 874 1465 916 fi-

137 934 250 984 dem,
287 931 414 988 quam
452 931 666 989 probatam
697 932 802 974 tueri
840 932 1038 973 auderent
1062 949 1073 982 3
1107 932 1218 974 haud
1249 933 1377 976 dubio
1421 934 1464 981 in

141 991 317 1048 speciem
339 995 402 1047 (4)
419 991 617 1032 consensu
655 989 702 1032 sit
733 992 784 1033 ad
817 990 972 1032 Poenos
1014 991 1197 1032 deditio:
1249 991 1298 1035 L.
1334 992 1467 1035 Atilio

140 1051 340 1106 praefecto
356 1050 545 1107 praelidii,
567 1050 722 1106 quique
742 1064 839 1092 eum
861 1063 910 1091 eo
929 1049 1079 1091 milites
1117 1050 1301 1092 Romani
1335 1063 1469 1103 erant,

142 1112 248 1152 clam
270 1110 313 1151 in
335 1120 502 1167 portum
520 1110 791 1165 deduEtis(5),
822 1119 946 1164 atque
968 1109 1165 1164 impositis
1183 1110 1224 1151 in
1247 1125 1384 1162 naves,
1422 1122 1469 1153 ut

143 1169 359 1228 Rhegium
378 1167 693 1221 deveherentur,
714 1168 996 1210 Hamilcarem
1014 1167 1249 1226 Poenosque
1281 1172 1329 1211 ea
1370 1185 1470 1212 con-

144 1229 319 1282 ditione,
337 1239 383 1270 ut
398 1228 538 1272 foedus
560 1229 768 1284 extemplo
784 1227 913 1282 :equis
930 1226 1090 1284 legibus
1112 1227 1244 1278 fieret,
1267 1229 1308 1270 in
1325 1229 1469 1271 urbem

146 1298 410 1344 acceperunt.
443 1287 562 1344 cujus
583 1286 642 1328 rei
665 1284 792 1343 prope
810 1300 894 1327 non
917 1286 1071 1327 servata
1095 1286 1197 1329 sides
1218 1288 1368 1330 deditis
1396 1288 1471 1338 est,

146 1361 279 1408 quum
297 1348 452 1390 Poenus
468 1347 564 1387 dolo
599 1346 805 1388 dimissum
848 1345 1091 1387 Romanum
1124 1346 1357 1396 incusaret3
1390 1348 1475 1389 Lo-

145 1405 306 1447 crenses
352 1404 575 1461 profugiffe
623 1404 757 1461 ipsum
795 1403 1073 1446 causarentur.
1137 1405 1315 1447 Insecuti
1348 1406 1473 1448 etiam

147 1464 308 1521 equites
327 1464 436 1515 sunt,
452 1463 477 1504 si
493 1478 577 1520 quo
593 1463 687 1505 casu
705 1465 748 1504 in
769 1462 877 1505 freto
892 1462 1012 1504 aestus
1033 1463 1200 1514 morari,
1220 1474 1291 1506 aut
1312 1464 1474 1508 deferre

147 1537 272 1566 naves
293 1522 335 1565 in
350 1536 501 1565 terram
518 1523 657 1578 posset.
693 1525 735 1564 &
753 1536 823 1564 eos
846 1521 1031 1578 quidem,
1048 1536 1153 1577 quos
1184 1522 1475 1578 sequebantur,

148 1596 234 1624 non
256 1582 350 1624 sunt
371 1582 509 1639 adepti
529 1598 539 1624 z
571 1581 668 1623 alias
691 1596 713 1622 a
730 1580 912 1623 Messana
944 1581 1196 1638 trajicientes
1232 1581 1340 1626 freto
1358 1583 1475 1625 Rhe-

147 1642 264 1698 gium
310 1655 435 1683 naves
482 1640 797 1696 conspexerunt.
860 1639 1018 1681 Milites
1058 1650 1175 1682 crant
1220 1641 1420 1692 Romani,
1453 1658 1477 1683 a

149 1700 330 1748 Claudio
362 1710 536 1756 praetore
568 1699 669 1741 missi
691 1701 743 1742 ad
768 1706 795 1754 †
814 1698 1082 1741 obtinendam
1105 1699 1250 1743 urbem
1273 1701 1474 1756 praefidio.
1494 1715 1498 1719 ·

152 1760 292 1816 itaque
328 1758 496 1816 Rhegio
529 1759 739 1819 extemplo
785 1757 1006 1800 absceffum
1057 1757 1128 1801 est.
1203 1759 1477 1802 Locrensibus

150 1820 259 1878 juss'u
281 1818 527 1862 Hannibalis
551 1818 643 1860 data
660 1832 752 1875 pax.
779 1827 821 1858 ut
841 1817 949 1857 liberi
965 1818 1054 1874 suis
1094 1817 1237 1874 legibus
1267 1820 1444 1859 viverent
1461 1838 1476 1859 .-

156 1879 250 1920 urbs
259 1887 408 1934 pateret
424 1878 573 1928 Poem's,
601 1886 736 1933 portus
755 1877 795 1917 in
817 1882 841 1930 †
853 1876 1064 1935 potssatem
1087 1875 1325 1935 Locretfium
1366 1878 1445 1935 fft
1461 1897 1474 1918 .-

148 1938 308 1994 societas
346 1954 382 1978 eo
399 1939 498 1996 jure
523 1937 670 1996 staret,
703 1945 745 1977 ut
767 1935 912 1977 Poenus
944 1935 1180 1993 Locrenſs’m,
1219 1936 1479 1999 Locrcrfisque

160 1996 321 2037 Poenum
329 2007 421 2051 pace
437 2011 483 2037 ac
497 1996 584 2037 bello
591 1997 774 2052 juvaret.

218 2055 275 2097 11.
315 2054 385 2096 Sic
417 2070 440 2096 a
472 2053 580 2096 freto
613 2055 732 2097 Poeni
769 2053 948 2104 reduffl,
977 2052 1251 2096 frementibus
1291 2054 1480 2110 Bruttiis,

160 2115 274 2169 quod
311 2112 530 2170 Rhegium*
568 2126 615 2154 ac
664 2113 837 2164 Locros,
878 2127 980 2168 quas
1022 2112 1144 2154 urbes
1178 2113 1410 2168 direpturos
1442 2114 1480 2155 se

160 2171 675 2222 destinaverant,inta&as
706 2172 970 2228 reliquissent.
1034 2171 1179 2228 Itaque
1224 2186 1298 2227 per
1339 2171 1483 2228 seipsi,

161 2231 401 2287 conscriptis
422 2229 667 2286 armatisque
680 2230 910 2287 juventutis
928 2230 1008 2280 suae
1022 2230 1262 2286 quindecim
1283 2231 1485 2283 millibus,

161 2292 212 2334 ad
233 2294 302 2347 (r)
334 2290 562 2331 Crotonem
585 2291 910 2346 oppugnandum
932 2299 1110 2348 pergunt
1149 2289 1236 2343 ire3
1289 2289 1486 2341 Graecam

1443 2352 1487 2395 δε

166 2468 270 2501 cuivis
295 2475 404 2512 patet.
451 2467 509 2510 (3)
540 2465 723 2507 Obstrictos
764 2464 884 2506 Poenis,
908 2465 1117 2510 propinquos
1150 2465 1297 2506 illorum,
1327 2475 1488 2511 tanquam

168 2515 317 2558 pignora,
349 2514 384 2546 in
407 2513 567 2555 potestate
580 2512 636 2545 sua
653 2511 864 2545 habentibus.
913 2513 971 2554 (4)
985 2515 1149 2558 Inspeciem
1163 2513 1262 2555 supra}
1277 2512 1295 2545 l.
1312 2524 1343 2554 3.
1361 2525 1390 2546 c.
1405 2525 1434 2557 9.
1454 2516 1489 2547 ὃς

170 2571 223 2600 40.
239 2561 262 2593 l.
277 2560 307 2592 6.
320 2571 350 2592 c.
367 2569 409 2598 14
438 2561 469 2590 δι
486 2558 579 2591 alibi.
628 2559 688 2600 (5)
714 2557 833 2590 Similis
851 2558 1052 2598 construdlio
1068 2557 1155 2603 infra
1179 2559 1326 2604 occurrit
1355 2559 1374 2591 l.
1394 2560 1444 2599 2‘7.
1461 2572 1491 2595 c,

166 2617 197 2648 5.
213 2607 345 2644 Maiae,
363 2607 440 2650 &ſs
453 2615 568 2645 quorum
586 2603 711 2636 aliorum
727 2607 834 2636 merita
847 2617 915 2648 erga
923 2607 1062 2648 populum
1076 2606 1234 2648 ,Romanum
1246 2614 1344 2645 erant,
1356 2609 1384 2637 ln
1402 2609 1492 2650 finu-

165 2660 224 2686 tum
238 2654 403 2684 introdueiis
412 2673 418 2680 ·
963 2657 969 2659 ⁴

226 2736 264 2766 C.
293 2742 324 2767 2.
350 2734 407 2775 (ι)
431 2733 510 2765 Vid.
538 2744 565 2766 c.
590 2742 642 2775 30¹
671 2733 731 2766 lib.
756 2732 825 2777 sup.
852 2732 885 2767 δι
910 2741 984 2768 not.
1012 2742 1041 2769 2.
1068 2733 1109 2767 ad
1139 2743 1213 2780 cap.
1241 2743 1343 2778 praec.
1433 2781 1450 2821 ί
1479 2780 1494 2820 )

437 2804 440 2809 .
1457 2790 1472 2813 2
