1860 3099
129 209 208 267 isso

127 645 266 674 Bantium

128 691 298 720 Marcellus

127 737 263 766 Romanis
274 749 336 766 con-

127 781 218 812 ciliat.

846 211 902 256 T.
953 209 1154 257 LIVII

351 332 508 388 primus
542 331 729 388 quisque,
762 332 951 387 Capuam
988 333 1189 388 petissent,
1236 332 1383 372 exclusi
1420 331 1530 381 inde,
1562 326 1675 385 quod

352 399 488 446 portas
535 390 762 438 Hanniball
803 392 1042 441 claufiffent,
1095 393 1251 434 Cumas
1304 391 1342 430 se
1395 391 1675 430 contulerunt.

352 451 395 491 N
399 465 547 492 ucerlae
570 450 705 506 praeda
723 450 843 490 militi
863 451 955 490 data
977 451 1052 501 est,
1074 450 1170 490 urbs
1185 450 1341 504 direpta
1359 459 1480 502 atque
1498 447 1675 488 incensa.

351 509 506 549 Nolam
538 510 761 550 Marcellus
793 522 877 548 non
899 509 959 549 sui
981 509 1111 564 magis
1143 511 1171 548 1
1156 508 1296 549 ducia
1327 507 1517 562 praesidii,
1549 519 1676 560 quam

352 568 562 609 voluntate
598 568 849 623 principum,
881 567 1069 609 habebat
1086 567 1230 622 plebes
1248 566 1482 615 timebatur,
1519 567 1556 606 &
1582 575 1676 604 ante

353 641 498 668 omnes
517 628 566 668 L.
586 626 773 677 Bantius,
788 640 912 680 quem
935 629 1000 681 (ς)
1016 625 1234 666 consensus
1250 635 1458 665 attentatae
1474 623 1677 664 defectio-

354 685 432 735 nis,
465 700 511 726 ac
545 696 680 729 metus
703 701 725 725 a
745 695 918 739 praetore
957 685 1167 733 Romano,
1199 699 1310 725 nunc
1329 685 1379 724 ad
1400 682 1677 739 proditionem

353 744 510 799 patriae‚
542 759 671 795 nunc,
702 744 726 784 fi
749 743 799 784 ad
833 744 874 784 id
906 742 1072 784 fortuna
1095 743 1295 792 defuisset,
1329 744 1377 782 ad
1400 740 1679 796 transfugien-

353 804 455 843 dum
482 802 726 844 stimulabat.
789 802 1062 857 Eratjuvenis
1079 816 1187 852 acer,
1222 805 1262 843 &
1281 800 1482 842 sociorum
1505 801 1551 840 ea
1574 809 1679 839 tem-⁴

353 861 508 916 pestate
547 861 675 916 prope
713 860 980 901 nobilissimus
1016 874 1155 914 eques.
1211 861 1457 900 seminecem
1495 872 1591 899 eum
1628 858 1679 898 ad

354 920 521 961 Cannas
555 921 596 960 in
632 934 775 961 acervo
808 919 1004 959 caesorum
1040 933 1261 973 corporum
1296 919 1527 967 inventum,
1559 931 1677 957 cura-

355 988 528 1033 tumque
549 977 744 1034 benigne,
776 977 899 1017 etiam
947 991 1043 1018 curn
1090 978 1208 1018 donis
1250 977 1462 1018 Hannibal
1505 977 1678 1016 domum

354 1037 576 1077 remiserat.
600 1037 652 1077 ob
674 1038 763 1092 ejus
786 1037 958 1091 gratiam
996 1036 1131 1076 meriti
1169 1050 1255 1076 rem
1291 1036 1500 1076 Nolanam
1534 1035 1576 1074 in
1608 1035 1678 1090 jus

354 1096 639 1149 ditionemque
676 1097 770 1135 dare
807 1095 992 1134 voluerat
1028 1096 1185 1135 Poeno:
1218 1094 1468 1147 anxiumque
1501 1106 1597 1133 eum
1637 1095 1676 1134 &

354 1153 573 1194 sollicitum
616 1155 714 1194 cura
754 1154 932 1192 novandi
979 1166 1042 1192 res
1080 1162 1230 1206 praetor
1267 1152 1473 1193 cernebat,
1555 1151 1678 1192 Cete-

352 1211 463 1261 rum,
496 1226 626 1266 quum
667 1221 737 1251 aut
776 1211 899 1265 poena
937 1210 1193 1251 cohibendus
1225 1211 1336 1260 effet,
1368 1220 1439 1250 aut
1474 1209 1677 1250 beneficio

353 1271 652 1320 conciliandus,
704 1269 774 1310 fibi
825 1269 1094 1323 adsumpsisse,
1147 1270 1273 1322 quam
1317 1268 1424 1309 hosti
1470 1268 1679 1319 ademiffe,

353 1329 505 1370 fortem
555 1344 601 1370 ac
641 1328 854 1368 strenuum
905 1328 1050 1367 maluit
1101 1327 1273 1377 socium,
1325 1327 1588 1381 accitumque
1628 1328 1680 1368 ad

355 1387 393 1429 se
427 1388 603 1442 benigne
641 1388 847 1441 appellat:
881 1387 942 1442 (6)
961 1386 1115 1426 Multos
1135 1402 1216 1427 eum
1249 1386 1397 1426 invidos
1430 1387 1531 1425 inter
1560 1396 1680 1440 popu-

354 1447 458 1486 lares
489 1446 640 1495 habere,
684 1445 768 1484 inde
805 1446 1024 1502 existimatu
1047 1445 1176 1501 facile
1204 1445 1280 1511 ff,
1312 1443 1414 1500 qubd
1446 1458 1547 1485 nemo
1582 1447 1680 1485 civis

358 1505 538 1544 Nolanus
553 1504 628 1559 fibi
649 1504 892 1552 indicaverit,
924 1503 1179 1557 quammulta
1213 1505 1293 1558 ejus
1325 1504 1475 1558 egregia
1495 1503 1678 1560 facinora

358 1563 543 1603 militaria
573 1563 692 1619 effi’nt.
756 1561 840 1611 Sed,
872 1563 937 1615 qui
970 1563 1009 1600 in
1047 1561 1234 1601 Romanis
1272 1563 1501 1602 militaverit
1532 1561 1679 1616 astris,

358 1636 428 1660 non
462 1622 553 1677 poffi’
584 1622 770 1676 obscuram
793 1622 872 1675 ejus
893 1635 947 1660 vn
949 1628 1075 1660 tutem
1097 1620 1171 1676 cffl'.
1192 1621 1286 1660 mul
1279 1628 1327 1660 *os
1327 1619 1368 1675 s
1369 1621 1423 1672 ln,
1454 1621 1520 1674 qui
1539 1635 1623 1660 cum
1644 1636 1680 1661 eo

342 1679 535 1736 stipendia
555 1679 740 1736 fi⁷cerint,
774 1679 930 1736 νῷν-νε,
962 1679 1027 1733 qui
1046 1680 1112 1718 vir
1141 1679 1221 1734 cffit
1242 1678 1317 1727 ille,
1348 1694 1496 1733 quaeque
1521 1677 1573 1721 Εἴ
1593 1695 1681 1734 quo-

357 1739 427 1778 ties
449 1739 619 1792 pericula
646 1749 716 1792 pro
741 1737 870 1792 salute
902 1753 946 1777 ac
982 1737 1164 1791 dignitate
1189 1737 1318 1790 populi
1339 1737 1508 1777 Romani
1527 1738 1679 1794 adff’t:

360 1798 488 1851 utique
510 1799 573 1851 (7)
597 1795 782 1851 Cannetgfi
793 1795 926 1849 proelio
946 1811 1015 1835 non
1029 1794 1143 1848 prius
1167 1797 1303 1850 pugnc‘z'
1336 1797 1532 1854 alstiterit,
1564 1812 1679 1852 quam

351 1853 475 1908 prop?
495 1856 692 1909 exsanguis
728 1855 846 1894 ruina
869 1853 1231 1908 superincidentium
1268 1856 1458 1905 virorum,
1486 1870 1682 1909 equorum,

359 1929 624 1968 armorumque
641 1913 683 1968 s
682 1922 699 1952 t
728 1913 921 1968 opprcffzs.
984 1913 1115 1966 Itaque
1134 1918 1159 1966 †
1180 1916 1298 1952 mac‘Je
1331 1915 1476 1952 virtute
1509 1913 1586 1968 fsto,
1619 1913 1681 1952 in-

358 1981 461 2024 qmt.
484 1972 590 2025 apud
609 1987 664 2011 me
684 1972 751 2011 tibi
771 1972 888 2010 omnis
922 1971 1030 2010 honos
1064 1979 1175 2025 atque
1205 1987 1308 2011 omne
1338 1974 1538 2025 praemium
1573 1973 1646 2011 erit
1665 1991 1678 2012 .-

362 2030 428 2078 &,
458 2034 608 2084 quo-(8)
597 2030 872 2086 )frequenti0r
899 2045 1038 2069 mecum
1058 2030 1206 2083 fueris,
1227 2029 1371 2086 senties
1401 2046 1481 2070 eam
1510 2045 1588 2069 rem
1609 2032 1680 2070 tibi

355 2088 538 2143 dignitati
569 2100 679 2142 atque
712 2088 949 2128 emolumento
973 2088 1047 2143 ff.
1078 2089 1253 2142 laetoque
1296 2089 1439 2143 juveni
1483 2088 1682 2142 promissis

355 2161 511 2200 equum
542 2147 739 2187 eximium
775 2147 883 2186 dono
905 2147 988 2194 dat,
1021 2145 1257 2201 bigatosque
1279 2147 1528 2202 quingentos
1550 2147 1680 2200 quaes—

355 2214 488 2245 torem
523 2218 739 2245 numerare
768 2204 911 2260 jubet:
955 2204 1169 2246 lictoribus
1206 2206 1397 2260 imperat,
1431 2216 1476 2246 ut
1510 2218 1606 2246 eum
1640 2205 1678 2247 se

355 2264 482 2314 adire,
514 2264 674 2319 quoties
696 2263 808 2314 velit,
840 2262 1060 2318 patiantur.

355 2391 404 2414 aut
421 2397 504 2415 error
520 2385 597 2414 tulit.
613 2383 643 2414 δε
659 2382 737 2415 alibi
751 2383 849 2425 saepe.
883 2383 942 2423 (5)
968 2384 1069 2427 Qod
1087 2382 1292 2416 consenserat
1310 2376 1346 2416 in'
1362 2389 1559 2416 attentatam
1570 2384 1679 2416 desec-

355 2429 489 2460 tionem.
535 2429 726 2460 Verisimilis
753 2438 863 2460 autem
891 2429 1025 2460 videtur
1042 2429 1208 2460 Gronovii
1226 2431 1428 2472 conjec'tura,
1451 2429 1511 2471 legi
1528 2429 1676 2471 jubentis

354 2477 515 2515 cotfiiemia
534 2482 659 2506 tentatae.
706 2475 762 2516 (6)
787 2474 892 2506 Facile
917 2474 1058 2516 judicari
1088 2473 1188 2517 posse,
1210 2476 1333 2507 multos
1349 2487 1425 2507 eum
1442 2474 1574 2509 invidos
1590 2474 1679 2506 inter

356 2520 534 2560 populares
562 2521 635 2551 suos
665 2520 813 2551 Nolanos
842 2520 976 2556 habere,
1002 2530 1104 2561 quum
1136 2521 1196 2551 ἃς.
1241 2522 1299 2561 (7)
1323 2521 1353 2551 h.
1388 2532 1414 2552 e.
1437 2521 1471 2551 &
1499 2521 1697 2560 quomodo„

354 2565 413 2605 (8)
437 2564 487 2595 Sic
501 2565 641 2605 suprfil.
655 2575 684 2604 3.
702 2576 729 2596 c.
746 2575 797 2603 24.
812 2567 906 2607 se‘um
923 2579 984 2596 eum
1010 2573 1032 2596 11
1031 2579 1069 2595 am
1086 2567 1269 2607 frequentem
1293 2567 1430 2609 adfigna
1441 2566 1507 2608 sine
1532 2567 1591 2596 ullo
1605 2579 1679 2596 com-

353 2622 406 2640 me
405 2610 554 2651 nufuffe.
582 2612 616 2640 Ε.
663 2612 712 2642 De
730 2611 872 2641 nummis
888 2612 993 2650 binatis
1009 2610 1078 2642 vid.
1096 2619 1168 2642 not.
1188 2620 1219 2650 3.
1239 2612 1280 2642 ad
1306 2623 1334 2643 c.
1356 2621 1413 2650 52.
1439 2611 1459 2642 l.
1480 2619 1534 2643 22.
1562 2610 1674 2652 supra.

353 2657 473 2696 Bigatos
499 2657 657 2697 quingentos
686 2655 789 2687 xertit
819 2656 904 2686 l’lut.
929 2655 963 2686 in
993 2657 1102 2688 Marc.
1133 2655 1277 2701 &gamem
1311 2660 1436 2701 ἀςγνςυ
1463 2668 1673 2691 πεντακοσιας.

351 2700 519 2733 Drachma
537 2709 646 2732 autem
663 2700 893 2750 aequiparatur
910 2702 1058 2733 denario.

1548 2763 1655 2805 XVI
1660 2794 1669 2804 .
