1834 3099
846 137 902 178 T.
960 135 1170 177 LIVII

316 255 389 306 mi,
434 254 643 295 subierunt
678 255 815 310 primi.
877 255 979 312 Qui,
1014 255 1129 296 simul
1166 267 1310 309 cepere
1348 252 1503 308 aliquid
1538 248 1646 308 aequi

317 314 413 363 loci,
445 314 514 354 ubi
552 314 672 354 firmo
704 313 967 356 consisterent
987 317 1131 370 gradu,
1165 316 1296 354 levem
1323 315 1359 354 ἃ
1388 316 1450 368 (7)
1471 325 1644 354 concur-

318 373 490 414 satorem
533 373 709 425 hostem,
741 383 864 428 atque
899 374 1113 414 intervallo
1146 383 1300 423 tutum,
1332 385 1462 427 quum
1501 371 1647 426 procul

319 432 530 473 missilibus
551 447 690 488 pugna
713 437 729 484 ῃ
756 433 950 483 eluditur,
979 432 1209 473 instabilem
1245 433 1424 472 eundem
1447 431 1496 471 ad
1519 430 1649 470 comi-

316 505 397 532 nus
435 491 705 533 conserendas
745 507 908 543 manus,
939 494 1190 547 expulerunt
1212 491 1319 542 loco,
1353 493 1394 532 δι
1418 503 1516 531 cum
1537 490 1649 530 caede

320 551 469 605 magn&
507 551 549 591 in
587 551 717 591 aciem
755 552 888 592 altiori
921 551 1216 606 superstantem
1240 550 1403 590 tumulo
1425 549 1649 605 impegere.

319 610 422 649 Inde
445 609 599 665 Scipio,
627 609 741 666 jussis
763 610 954 651 adversus
976 610 1154 651 mediam
1177 610 1348 667 evadere
1370 608 1502 650 aciem
1519 607 1652 649 vieto-

321 667 450 718 ribus,
482 680 638 710 ceteras
661 669 799 724 copias
817 685 911 711 cum
930 669 1058 711 Lrelio
1076 669 1221 710 dividit
1241 686 1252 719 3
1286 679 1408 723 atque
1426 682 1522 708 cum
1537 676 1651 722 parte

323 729 468 769 dextr&
489 728 639 768 tumuli
662 729 895 778 circumire,
928 730 1059 770 donec
1083 727 1282 770 mollioris
1305 725 1522 769 adscensus
1543 725 1651 766 vi'am

323 786 541 836 inveniret,
569 787 701 844 jubet.
738 788 820 842 ipse
843 788 892 829 ab
929 789 1044 839 laevfi,
1077 788 1252 829 circuitu
1274 788 1385 828 haud
1412 799 1580 842 magno,
1611 785 1654 825 in

324 845 568 887 transversos
587 847 722 887 hostes
744 847 930 888 incurrit.
994 847 1094 888 Inde
1109 845 1245 902 primo
1267 845 1430 888 turbata
1453 845 1561 889 acies
1582 843 1657 894 est,

324 906 426 945 dum
439 906 489 944 ad
512 905 883 946 circumsonantem
917 906 1100 961 undique
1121 907 1345 947 clamorem
1378 904 1544 946 flectere
1566 917 1656 945 cor-

324 978 406 1003 nua
427 967 467 1004 &
491 963 704 1005 obvertere
720 965 886 1006 ordines
908 966 1065 1006 volunt.
1127 965 1222 1007 Hoc
1245 965 1430 1006 tumultu
1447 966 1484 1006 &
1503 962 1659 1004 Laelius

325 1022 479 1072 subiit;
516 1025 572 1072 Sa,
605 1024 705 1063 dum
743 1026 891 1078 pedem
933 1024 1133 1075 referunt,
1165 1039 1216 1065 ne
1248 1024 1298 1065 ab
1335 1033 1451 1080 tergo
1472 1023 1662 1064 vulnera-

325 1090 485 1131 rentur,
519 1083 650 1123 laxata
673 1083 806 1137 prima
827 1083 934 1124 acies
958 1086 1036 1139 (8),
1066 1083 1262 1138 locusque
1285 1084 1333 1124 ad
1357 1088 1372 1134 11
1399 1083 1660 1124 evadendum

332 1142 371 1181 31
392 1140 537 1182 mediis
555 1142 674 1182 datus
695 1141 752 1182 est
773 1159 784 1192 ;
818 1143 889 1198 qui
910 1157 982 1198 per
1004 1152 1088 1183 tam
1119 1142 1310 1198 iniquum
1332 1143 1491 1194 locum,
1523 1140 1664 1182 stanti-

328 1199 407 1240 bus
442 1200 611 1256 integris
641 1201 873 1253 ordinibus,
906 1201 1215 1257 elephantisque
1244 1212 1338 1243 ante
1360 1201 1471 1258 signa
1502 1199 1666 1250 locatis,

330 1273 545 1312 nunquam
570 1260 788 1301 evafiffent.
854 1262 999 1318 Quum
1023 1261 1071 1303 ab
1094 1261 1208 1302 omni
1240 1271 1354 1316 parte
1377 1260 1509 1302 caedes
1532 1258 1667 1310 fieret,

330 1318 487 1372 Scipio,
540 1318 611 1373 qui
647 1323 713 1375 (9)
751 1322 852 1360 laevo
891 1334 1019 1362 cornu
1061 1320 1102 1360 in
1135 1321 1326 1361 dextrum
1369 1320 1667 1366 incucurrerat,

332 1377 513 1418 maxime
535 1378 576 1418 in
609 1380 719 1419 nuda
753 1379 932 1420 hostium
967 1382 1091 1421 latera
1124 1379 1348 1435 pugnabat.
1409 1379 1462 1421 Et
1490 1379 1578 1435 jam
1616 1391 1668 1417 ne

333 1436 445 1492 fugae
486 1437 653 1492 quidem
692 1439 856 1493 patebat
893 1441 1022 1480 loeus.
1062 1454 1160 1481 nam
1187 1442 1223 1480 δε
1250 1438 1442 1479 stationes
1474 1437 1667 1491 utrinque

332 1496 540 1536 Romanae
561 1497 703 1537 dextr&
727 1498 908 1553 laevzique
932 1499 1163 1539 insederant
1180 1499 1290 1539 vias:
1327 1500 1364 1539 ὃ(
1388 1507 1550 1553 portam
1585 1494 1669 1536 cas-

333 1566 496 1595 trorum
513 1555 630 1595 ducis
654 1556 973 1612 principumque
998 1558 1098 1613 fuga
1137 1557 1355 1606 clauserat3
1389 1555 1526 1596 addita
1546 1554 1671 1610 trepi-

335 1613 500 1654 datione
533 1614 866 1669 elephantorum,
898 1632 1001 1672 quos
1038 1617 1202 1658 territos
1224 1615 1340 1670 aeque
1374 1625 1497 1670 atque
1532 1613 1671 1655 hostes

336 1672 549 1713 timebant.
613 1672 726 1714 Caesa
749 1674 874 1729 igitur
897 1677 946 1716 ad
965 1676 1064 1716 oCto
1087 1676 1213 1716 millia
1236 1675 1470 1716 hominum.

394 1728 510 1772 XIX.
546 1731 777 1773 Hasdrubal
809 1734 895 1789 jam
931 1732 1040 1783 ante,
1073 1734 1199 1790 quiim
1230 1734 1461 1786 dimicaret,
1490 1730 1670 1790 peculii&

336 1791 469 1846 τεμεῖ,
502 1790 810 1847 elephantisque
848 1794 1076 1848 praemiffis,
1108 1793 1234 1848 unim
1271 1793 1471 1848 plurimos
1492 1801 1672 1848 poterat,

336 1850 386 1890 de
419 1848 519 1905 fug'zi
550 1850 776 1905 excipiens,
808 1863 956 1907 praeter
977 1852 1142 1908 Tagum
1166 1852 1323 1893 flumen
1354 1852 1403 1892 ad
1422 1851 1669 1908 Pyrenaeum

337 1908 483 1950 tendit.
546 1908 702 1964 Scipio,
750 1911 889 1953 castris
925 1910 1105 1952 hostium
1143 1911 1314 1966 potitus,
1360 1925 1491 1966 quum
1522 1919 1672 1964 praeter

337 1967 463 2008 libera
499 1968 633 2021 capita
669 1983 835 2010 omnem
868 1972 1049 2024 praedam
1085 1970 1285 2011 militibus
1319 1968 1580 2018 conceffiflet,
1627 1967 1670 2007 in

337 2025 594 2067 recensendis
631 2029 801 2082 captivis
838 2030 982 2070 decem
1019 2029 1147 2070 millia
1188 2029 1393 2085 peditum,
1425 2030 1508 2070 duo
1543 2026 1672 2068 millia

337 2085 527 2140 equitum
557 2086 725 2130 invenit.
761 2102 808 2128 ex
845 2088 893 2130 iis
923 2088 1129 2143 Hispanos
1161 2088 1241 2130 sine
1263 2088 1396 2144 pretio
1432 2100 1579 2128 omnes
1599 2086 1674 2128 do-

338 2159 455 2184 murn
473 2145 622 2185 dimisit
642 2161 651 2186 :
685 2146 811 2188 Afros
831 2148 1007 2188 vendere
1036 2146 1418 2203 quaestoremjussit.
1481 2146 1674 2188 Circum-

338 2202 429 2243 fusa
462 2203 556 2244 inde
579 2205 801 2246 multitudo
821 2206 1118 2261 Hispanorum,
1153 2209 1194 2248 δι
1231 2205 1324 2247 ante
1347 2205 1598 2254 deditorum,
1631 2208 1673 2247 &

338 2262 469 2318 pridie
493 2265 556 2318 (1)
578 2274 808 2319 captorum,
841 2279 980 2321 regem
1003 2279 1099 2306 eum
1133 2265 1290 2322 ingenti
1312 2264 1510 2307 consensu
1536 2264 1676 2318 appel-

1556 2321 1666 2364 lavit.

340 2439 427 2471 mitti
462 2440 602 2482 possent.
652 2444 710 2484 (7)
734 2442 784 2474 Sic
818 2441 904 2476 infra
924 2445 944 2476 l.
976 2454 1029 2484 31.
1049 2455 1078 2476 c..
1111 2454 1166 2485 35.
1187 2447 1271 2488 pede:
1288 2446 1463 2486 concmsator
1482 2443 1520 2476 δῖ’
1535 2454 1634 2484 vagus·
1654 2439 1680 2471 l·

343 2495 398 2522 ‚20-
419 2497 447 2517 C·
476 2497 528 2525 34.
551 2491 718 2531 concursatio
740 2491 778 2522 [5'
796 2492 932 2521 velocitas
961 2494 1041 2523 illinc
1065 2494 1166 2533 major,
1189 2491 1272 2533 (suzim
1289 2494 1346 2522 vis.
1366 2491 1398 2521 ἃ
1415 2488 1509 2522 alibi.
1552 2487 1611 2528 (8)
1628 2488 1676 2518 SC·

343 2533 544 2572 Poenorum3
568 2544 642 2574 quae
672 2546 723 2566 res
749 2535 861 2566 locum
878 2535 968 2568 dedit
987 2536 1102 2569 media:
1133 2547 1267 2578 quoque
1283 2538 1513 2568 Romanorum
1531 2531 1613 2565 aciei
1636 2534 1678 2564 ad

342 2576 552 2610 subeundum
567 2580 631 2612 ὅτε.
678 2582 734 2621 (9)
759 2583 861 2613 Laevo
875 2583 1105 2614 Romanorum
1123 2593 1228 2614 cornu
1248 2582 1282 2614 in
1300 2583 1453 2614 dextrum
1468 2581 1657 2612 Poenorum.

391 2623 426 2654 C.
446 2625 568 2666 19.(1)
592 2625 801 2659 Interceffiss‘e
819 2638 922 2659 unum
935 2628 1036 2667 diem,
1067 2627 1204 2661 testatur
1218 2628 1339 2671 Polyb.
1364 2627 1385 2658 l·
1409 2637 1460 2659 ιο.
1476 2637 1503 2658 c.
1534 2635 1590 2666 37.
1624 2625 1677 2681 Eff

1643 2682 1672 2704 ος
