1834 3099
378 223 629 265 LIBER
676 220 837 263 XXIV.
875 221 1039 263 CAP.
1076 222 1170 263 XX.

118 341 385 391 occasionem,
416 352 582 396 captum
622 340 692 381 est.
731 339 895 393 captivi,
928 338 1081 392 quique
1110 337 1434 392 Campanorum,

118 400 271 465 quique
305 399 551 444 Hannibalis
586 399 763 439 militum
786 407 916 446 erant,
947 397 1128 436 Romam
1165 396 1280 446 missi,
1313 407 1434 450 atque

116 458 202 497 ibi
195 471 236 496 m
258 471 418 498 carcere
438 459 578 499 inclusi
601 457 693 497 sunt
708 472 717 497 :
748 455 1048 509 oppidanorum
1076 452 1193 493 turba
1214 470 1286 508 per
1308 455 1434 494 finiti-

116 530 205 556 mos
220 517 421 570 populos
412 531 454 556 m
469 517 695 558 custodiam
712 514 849 555 divisa.

174 574 271 614 XX.
313 575 478 632 Qibus
499 574 642 616 diebus
664 587 686 613 a
710 572 905 624 Casilino,
937 585 980 612 re
1015 571 1119 613 bene
1148 571 1272 626 gesta,
1305 572 1432 611 reces-

115 631 203 672 sum
218 633 291 682 est,
322 634 381 674 eis
405 633 621 674 Gracchus
643 632 685 671 in
706 631 886 671 Lucanis
908 631 1064 684 aliquot
1081 628 1288 680 cohortes,
1321 630 1363 668 in
1385 630 1431 670 ea

114 691 281 746 regione
309 691 571 746 conscriptas,
605 704 700 731 cum
729 694 751 742 ‡
780 685 979 743 praefe&o
1007 688 1210 730 sociorum
1241 688 1283 727 in
1314 702 1432 741 agros

113 749 293 789 hostium
320 751 547 804 praedatum
574 749 690 789 misit.
726 762 796 788 eos
818 746 943 787 effuse
962 749 1118 802 palatos
1139 747 1292 786 Hanno
1314 747 1433 786 ador-

114 819 195 857 tus,
227 808 337 848 haud
359 809 490 848 multo
523 807 738 857 minorem,
783 807 908 859 quam
930 807 979 845 ad
1003 806 1284 846 Beneventum
1317 819 1431 845 acce-

115 877 246 919 perat,
283 866 460 907 reddidit
489 866 593 906 hosti
616 866 790 913 cladem,
823 874 944 917 atque
978 864 1020 903 in
1054 864 1237 904 Bruttios
1267 863 1431 917 raptim,

112 938 164 964 ne
187 924 403 966 Gracchus
425 924 712 978 assequeretur,
745 922 948 963 concessit.
1011 922 1227 971 Consules,
1251 922 1432 961 Marcel-

111 983 175 1022 lus
197 992 321 1032 retro,
344 984 452 1023 unde
469 991 652 1033 venerat,
672 982 827 1022 Nolam
845 981 963 1030 redit,
983 980 1164 1021 Fabius
1155 994 1196 1019 in
1213 980 1429 1021 Samnium

111 1041 163 1081 ad
189 1042 445 1096 populandos
473 1056 590 1097 agros
619 1039 952 1094 recipiendasque
983 1039 1123 1087 armis,
1155 1053 1247 1094 quae
1269 1038 1430 1079 defece-

109 1110 217 1150 rant,
250 1100 368 1141 urbes
390 1099 588 1155 processit.
653 1098 867 1139 Caudinus
895 1101 958 1153 (1)
988 1097 1151 1138 Samnis
1173 1096 1336 1151 gravius
1358 1098 1429 1137 de-

108 1157 316 1206 vastatus;
349 1158 500 1213 perusti
534 1157 613 1198 late
647 1157 748 1212 agri,
780 1157 929 1211 praedae
961 1157 1168 1211 pecudum
1190 1155 1427 1196 hominum-

108 1231 189 1270 que
235 1217 352 1258 actae.
386 1217 535 1271 oppida
576 1216 616 1255 vi
657 1225 789 1269 capta,
841 1215 1176 1269 Compulteria(2
1184 1217 1213 1268 ),
1255 1214 1426 1264 Telesia,

109 1276 301 1330 Compsa,
351 1276 491 1323 Mene,
526 1273 702 1314 Fulfulae
745 1277 785 1314 δε
823 1270 1118 1315 Orbitanium:
1160 1287 1209 1312 ex
1245 1273 1426 1313 Lucanis

108 1335 303 1374 Blandae:
338 1334 571 1388 Apulorum
594 1332 712 1373 AEcae
746 1334 809 1386 (3)
846 1340 1106 1387 oppugnatae.
1169 1330 1303 1371 Miltia
1334 1330 1427 1371 hos-

103 1393 213 1433 tium
233 1393 275 1432 in
296 1391 360 1432 his
378 1391 546 1432 urbibus
568 1390 712 1457 viginti
735 1391 918 1444 quinque
939 1400 1072 1445 capta,
1105 1398 1175 1430 aut
1191 1389 1348 1430 occisa:

105 1451 260 1505 recepti
282 1449 466 1505 perfugae
497 1449 669 1490 trecenti
708 1447 991 1503 septuaginta3
1024 1463 1128 1503 quos
1165 1462 1294 1501 quum
1337 1448 1425 1488 Ro-

105 1523 217 1549 mam
257 1509 417 1549 misisset
449 1508 605 1556 consul,
637 1507 760 1561 virgis
792 1508 833 1546 in
856 1507 1023 1547 comitio
1060 1506 1147 1547 caefi
1185 1519 1345 1557 omnes,
1378 1521 1425 1547 ac

103 1569 154 1608 de
171 1567 301 1621 sssaxo
319 1566 483 1623 dejedti.
524 1566 629 1607 Haec
648 1580 670 1606 a
688 1564 912 1623 QFabio
902 1574 1008 1605 intra
1029 1578 1181 1620 paucos
1198 1565 1284 1605 dies
1300 1565 1423 1619 gesta.

102 1627 355 1668 Marcellum
376 1625 424 1666 ab
453 1624 648 1680 gerundis
676 1624 797 1663 rebus
821 1624 1012 1664 valetudo
1034 1624 1198 1665 adversa
1217 1623 1338 1663 Nolae
1364 1632 1425 1664 te-

102 1685 206 1724 nuit.
248 1685 301 1725 Et
317 1700 338 1725 a
353 1694 526 1740 proetore
541 1681 755 1741 QFabio,
772 1681 839 1722 cui
854 1682 961 1723 circa
977 1682 1195 1724 Luceriam
1214 1681 1423 1736 provincia

103 1753 204 1793 erat,
228 1744 370 1784 Accua
384 1742 582 1796 oppidum
594 1755 666 1795 per
679 1754 749 1781 eos
767 1741 900 1781 diesvi
915 1750 1101 1795 captum:
1129 1741 1351 1795 stativaque
1370 1742 1421 1782 ad

104 1803 320 1843 Ardoneas
332 1800 599 1842 communita.
635 1800 753 1840 Dum
763 1798 851 1840 haec
863 1799 951 1840 aliis
965 1803 1026 1855 (4)
1043 1799 1143 1841 locis
1157 1800 1205 1840 ab
1218 1800 1420 1840 Romanis

101 1870 314 1931 geruntur,
333 1862 420 1917 jam
436 1859 667 1899 Tarentum
684 1866 923 1912 pervenerat
945 1857 1172 1908 Hannibal,
1194 1872 1288 1899 cum
1307 1873 1421 1898 max-

100 1919 181 1959 ima
203 1920 408 1969 omnium,
432 1931 678 1971 quacunque
697 1916 815 1967 ierat,
847 1917 974 1973 clade.
1036 1917 1085 1957 In
1105 1916 1332 1957 Tarentino
1349 1918 1421 1958 de-

102 2046 207 2086 tum,
238 2049 371 2090 neque
387 2035 556 2089 usquam
579 2033 641 2075 via
663 2033 865 2074 excessum
885 2033 971 2074 est:
1002 2034 1317 2089 apparebatque,
1336 2048 1419 2074 non

103 2095 143 2134 id
165 2068 360 2134 rriodestia
382 2094 560 2133 militum
583 2102 654 2133 aut
690 2092 824 2143 ducis,
856 2091 928 2132 nisi
960 2094 1023 2148 (ς)
1059 2093 1110 2133 ad
1141 2093 1419 2134 conciliandos

102 2152 423 2194 Tarentinorum
451 2151 625 2199 animos,
662 2149 761 2190 fieri.
802 2150 999 2191 Ceterum
1017 2165 1146 2204 quum
1169 2152 1421 2205 propemodo

103 2213 166 2267 (6)
186 2211 313 2252 muris
334 2209 562 2261 accessisset,
595 2209 708 2249 nullo
731 2208 780 2249 ad
799 2208 1065 2264 conspectum
1086 2210 1207 2264 primi
1231 2209 1420 2263 agminis,

1374 2278 1419 2309 ut

131 2392 171 2423 C.
184 2399 232 2422 20.
255 2390 457 2430 (1)Smmi1es
471 2387 770 2419 caudinioccuimnt
786 2386 912 2427 supral.
927 2397 976 2427 23.
990 2396 1079 2429 041.
1103 2385 1416 2428 (2)Compulteriam

102 2434 240 2465 Romani
261 2433 351 2472 supra
369 2433 497 2472 quidem
527 2439 716 2471 receperunt
735 2431 754 2462 l.
773 2439 823 2469 23.
849 2442 876 2462 r.
896 2441 947 2473 39.
996 2433 1117 2463 Verum
1135 2442 1174 2462 ex
1194 2431 1337 2462 hocloco
1353 2431 1417 2461 col-

101 2477 260 2517 ligendum
279 2476 338 2516 est,
361 2475 489 2508 interim
521 2476 626 2507 denuo
656 2475 696 2504 ad
726 2473 1008 2515 Karthaginienses
1027 2473 1184 2513 defecisse,
1211 2474 1282 2505 licet
1308 2473 1419 2505 Livius

101 2520 167 2561 ejus
186 2531 249 2551 non
278 2520 474 2552 meminerit.
522 2521 576 2560 (3)
610 2518 719 2550 Potius
743 2526 841 2560 expmg
846 2526 939 2553 naae5
977 2518 1194 2560 oppugnando
1213 2525 1325 2556 captae.
1368 2518 1419 2548 De

102 2566 186 2594 AEcis
215 2563 276 2594 vid.
295 2570 363 2595 not.
384 2572 412 2596 1.
428 2563 510 2594 ade.
532 2575 558 2596 ι.
576 2563 597 2594 1.
618 2571 668 2601 23.
693 2559 795 2599 supra
843 2564 896 2603 (4)
911 2562 1100 2602 Legendum
1119 2563 1244 2592 videtur
1259 2564 1326 2591 aliis
1339 2567 1422 2602 atque

99 2606 257 2644 aliia-cis,
281 2615 318 2636 ut
337 2606 469 2647 supral.
486 2615 515 2638 2.
533 2616 559 2636 c.
578 2615 628 2638 ιι.
653 2603 774 2636 &alibi
792 2603 880 2644 saepe.
928 2607 981 2644 (5)
998 2605 1144 2636 SicCae..
1159 2604 1181 2636 l.
1201 2612 1230 2644 5.
1246 2604 1324 2637 Bell
1336 2604 1423 2634 Gall.

100 2659 126 2682 c.
148 2660 194 2689 ¹3.
220 2651 348 2681 Nihila'e
360 2664 387 2681 eo
399 2650 668 2700 percum‘i'ationibus
681 2646 897 2691 reperiebamus,
911 2649 996 2689 nfi.
1013 2647 1192 2679 .videbamus
1215 2649 1279 2680 &c-
1306 2649 1423 2687 Neque

100 2700 210 2724 tamen
231 2694 261 2723 in
290 2693 338 2724 his
354 2693 555 2725 adversativa:
585 2694 662 2731 vim,
692 2699 727 2723 ut
751 2691 883 2730 quidam
901 2672 1088 2731 loquuntur,
1111 2692 1214 2723 induit
1238 2692 1295 2734 nist.
1343 2692 1424 2720 Sunt

96 2736 183 2766 enim
201 2735 352 2775 ellipticae
369 2736 559 2769 locutiones.
608 2737 646 2766 In
665 2735 725 2766 hoc
751 2733 831 2772 loco,
856 2745 882 2767 e.
911 2745 957 2777 gr
985 2735 1219 2777 subintelligere
1237 2734 1344 2783 pollis
1375 2744 1424 2764 ne-

96 2791 147 2819 que
163 2792 202 2809 eor
219 2782 408 2820 itafaae’iuros,
432 2780 486 2812 nisi
505 2780 566 2812 ἃς.
614 2778 665 2822 (ὁ)
690 2777 866 2820 Propemolo
892 2779 976 2818 apud
1002 2781 1151 2811 Plautum
1168 2778 1317 2816 occurrit,
1329 2777 1422 2810 Trin,

102 2830 128 2860 3
144 2833 170 2862 3.
191 2829 242 2859 53
266 2824 383 2855 Eadem
411 2824 477 2864 ejus
502 2824 587 2856 ratio
617 2823 674 2862 est,
695 2833 730 2853 ac
762 2821 800 2852 τῦ
816 2823 966 2866 ρβιιιίο.
1011 2823 1176 2859 Ceterum,
1198 2833 1256 2861 pro
1271 2820 1427 2861 acceffiffit,

1297 2865 1423 2895 trallern

1445 1464 1483 1494 P
1483 1465 1573 1514 'ss

1444 1511 1538 1548 ww
1566 1506 1625 1548 111β

1449 1549 1591 1585 &defen
1592 1563 1616 1580 o

1443 2055 1598 2086 Tarentum

1439 2107 1482 2130 te
1485 2097 1644 2136 latfrustm

1444 2142 1599 2174 Hannibal.
