1834 3099
395 146 647 191 LIBER
689 146 852 189 XXIX.
892 146 1055 190 CAP.
1088 147 1164 189 IX.
1587 165 1668 211 231

106 261 258 306 milites
293 279 424 319 quum
462 267 512 307 ad
535 266 804 318 Pleminium,
836 279 1026 306 cruorem
1049 280 1096 308 ac
1117 267 1287 308 vulnera
1309 267 1444 309 osten-

104 332 255 373 tantes,
287 338 370 365 non
393 325 474 365 line
495 325 791 367 vociferatione
819 335 942 379 atque
963 325 1246 380 indignatione
1268 341 1444 369 concur-

103 381 256 432 rifl'ent,
289 383 437 438 probra
458 384 501 424 in
521 399 618 426 eum
642 385 773 439 ipsum
791 383 948 439 jactata
972 384 1176 441 injurgiis
1198 385 1440 437 referentes;

102 441 297 484 accensus
331 443 388 484 ira
422 443 548 485 domo
584 443 664 485 sese
690 448 706 494 Η
731 443 949 497 proripuit,
981 443 1228 498 vocatosque
1251 444 1440 488 tribunos

101 501 265 551 nudari,
297 516 344 542 ac
376 502 508 558 virgas
531 503 714 558 expediri
730 501 865 559 jubet.
927 502 1045 542 Dum
1063 505 1126 558 (2)
1148 502 1367 558 spoliandis
1386 504 1439 547 ‚iis

101 561 407 617 (repugnabant
434 562 564 613 enim,
597 562 856 615 militemque
873 563 937 616 (3)
960 561 1252 617 implorabant)
1275 572 1440 617 tempus

100 619 263 670 teritur,
295 625 465 676 repente
494 621 662 672 milites,
695 620 854 662 feroces
876 620 1032 660 recenti
1054 620 1243 672 victoria,
1275 635 1330 662 ex
1350 615 1459 663 omp'

98 677 221 719 nibus
238 679 354 730 locis,
384 682 496 721 velut
518 677 714 722 adversus
733 678 869 720 hostes
898 680 949 718 ad
968 693 1078 720 arma
1098 685 1112 731 Η
1133 680 1439 722 conclamatum

98 737 209 788 effer,
243 750 559 782 concurrerunt.
586 741 644 788 ἃ,
676 751 806 794 quum
836 737 986 778 violata
1004 739 1092 795 jam
1115 738 1239 795 virgis
1264 754 1439 794 corpora

97 796 361 839 tribunorum
383 799 584 850 vidissent,
619 809 706 839 tum
735 796 834 838 vero
858 800 923 852 (4)
945 797 985 837 in
1010 797 1143 838 multo
1160 804 1184 852 †
1200 798 1440 853 impotenti-

95 869 211 897 orem
235 857 369 899 subito
406 857 562 899 rabiem
589 857 764 908 accenfi,
798 857 879 897 sme
902 856 1109 913 respectu,
1142 871 1227 898 non
1249 857 1439 913 majesta-

96 914 148 956 tis
171 915 315 968 modo,
347 917 412 958 sed
436 917 561 958 etiam
597 916 884 966 humanitatis,
916 916 958 956 in
994 917 1178 972 legatum
1216 917 1438 972 impetum,

93 973 312 1017 Melioribus
329 975 444 1032 prius
468 977 687 1033 indignum
710 976 752 1016 in
768 976 940 1016 modum
963 977 1237 1032 mulcatis(5)‚
1260 976 1434 1017 faciunt.

93 1041 184 1074 tum
221 1034 373 1090 ipsum,
405 1035 456 1076 ab
486 1036 566 1078 suis
603 1036 880 1091 interceptum
918 1037 957 1076 δι
984 1034 1200 1085 seclusum,
1232 1034 1436 1077 hostiliter

91 1092 289 1144 lacerant,
325 1097 364 1136 8<
389 1095 517 1150 prope
538 1095 811 1151 exsanguem,
840 1093 936 1135 naso
951 1094 1198 1149 auribusque
1216 1094 1433 1146 mutilatis,
1454 1097 1614 1152 Plerftf‘nfus

91 1153 348 1208 relinquunt.
411 1155 492 1196 His
513 1155 743 1196 Messanam
776 1151 998 1205 nunciatis,
1029 1153 1186 1209 Scipio,
1218 1153 1307 1210 post
1331 1143 1592 1222 pau-1³⁰std'f'

92 1223 162 1254 cos
185 1214 272 1256 dies
292 1213 451 1256 Locros
486 1213 628 1255 hexeri
652 1217 714 1269 (6)
744 1212 959 1265 adveehis,
991 1228 1122 1268 quum
1155 1213 1317 1255 eausam
1338 1213 1433 1254 Ple·
1462 1202 1545 1221 ‘'m‘'
1560 1204 1603 1223 ¹⁴⁸⁶

90 1272 209 1312 minii
231 1275 269 1314 &
287 1273 551 1314 tribunorum
573 1273 758 1322 audiss'et,
790 1271 996 1313 Pleminio
1018 1274 1125 1313 noxa
1146 1272 1335 1326 liberato,
1367 1287 1433 1315 re-

89 1330 275 1388 lictoque
305 1333 348 1374 in
368 1332 552 1390 ejusdem
574 1332 655 1375 loci
676 1331 877 1388 praefidio,
911 1331 1087 1374 tribunis
1117 1332 1300 1374 sontibus
1318 1332 1431 1389 judi-

91 1392 209 1445 catis,
243 1395 284 1434 <Sc
319 1393 360 1433 iu
394 1393 560 1435 vincula
596 1390 814 1448 conjetffis,
863 1401 908 1432 ut
941 1391 1125 1433 Romam
1162 1392 1213 1432 ad
1243 1392 1431 1433 senatum

90 1451 370 1503 mitterentur,
404 1452 637 1493 Messanam
661 1462 784 1507 atque
803 1451 898 1494 inde
918 1450 1138 1508 Syracusas
1160 1451 1294 1492 rediit.
1339 1451 1433 1493 Ple-

90 1510 244 1553 minius
265 1517 283 1566 Η
304 1512 511 1568 impotens
546 1512 633 1562 irre,
663 1509 899 1565 neglectam
937 1512 989 1551 ab
1020 1510 1216 1565 Scipione
1243 1512 1281 1552 &
1306 1510 1433 1553 nimis

88 1574 151 1628 (7)
187 1571 330 1612 leviter
367 1573 492 1613 latam
528 1569 642 1612 suam
675 1569 871 1625 injuriam
903 1578 1031 1620 ratus,
1065 1583 1140 1610 nec
1174 1583 1430 1627 quemquam

87 1633 153 1688 (8)
173 1630 374 1672 :estimare
397 1631 523 1672 alium
555 1643 646 1671 eam
668 1628 784 1669 litem
807 1628 932 1684 poffe,
966 1628 1038 1669 nifi
1074 1629 1146 1683 qui
1169 1628 1427 1670 atrocitatem

85 1690 176 1746 ejus
199 1690 394 1746 patiendo
416 1690 602 1740 senfiffet,
635 1687 823 1729 tribunos
845 1687 995 1729 attrahi
1017 1689 1068 1729 ad
1091 1687 1129 1728 se
1145 1688 1256 1744 juffit
1276 1705 1287 1737 ;
1309 1690 1427 1740 ‘lace-
1451 1693 1593 1728 ‘Tribunos

84 1749 275 1806 ratesque
297 1749 511 1802 omnibus,
542 1763 634 1803 quae
656 1747 742 1803 pati
764 1761 914 1802 corpus
937 1748 1070 1788 ullum
1093 1747 1242 1802 potest,
1273 1747 1426 1803 suppli-
1444 1745 1649 1819 ‘sjfs‘lft‘ffffi

85 1808 159 1850 ciis
201 1809 438 1851 interfecit:
470 1823 546 1850 nec
584 1807 751 1848 satiatus
791 1807 980 1848 vivorum
1015 1805 1155 1861 poena,
1200 1806 1425 1862 insepultos
1443 1800 1467 1819 ‘¹
1487 1794 1521 1821 Ἰ·

85 1868 273 1925 projecit.
308 1889 310 1892 ·
335 1868 472 1912 Simili
506 1866 748 1910 crudelitate
786 1868 825 1909 ἃ
854 1866 897 1906 in
918 1865 1186 1908 Locrensium
1216 1866 1426 1922 principes

1450 1317 1482 1348 A
1495 1315 1625 1361 Scipione

1449 1362 1623 1404 absolvitur.

84 1987 148 2029 (2),¹
159 1989 299 2031 Spoliare
314 1988 490 2031 &expedire
505 1989 612 2030 virgas
628 1985 775 2028 propriae
793 1984 867 2017 sunt
886 1984 919 2016 in
938 1985 999 2018 hac
1017 1995 1051 2017 re
1067 1984 1266 2018 locutiones,
1315 1984 1424 2027 Supra

84 2034 106 2065 l.
132 2034 165 2067 8.
183 2045 210 2066 c.
229 2044 284 2075 32.
329 2035 643 2076 Papirius-..spoliari
658 2031 829 2074 magistrum
847 2035 980 2073 equitum,
1003 2044 1036 2062 ac
1055 2035 1159 2074 virgas
1191 2030 1355 2072 &ficu'res
1371 2045 1423 2062 ex-

78 2083 180 2122 pediri
195 2081 292 2124 jefft.
311 2081 348 2112 E.-
399 2080 457 2121 (3)
475 2080 522 2111 H.
547 2090 578 2111 e.
596 2088 712 2110 eorum
729 2076 842 2114 fidem,
855 2077 1014 2109 auxilium
1033 2076 1271 2119 implorabant.
1322 2076 1418 2119 Virg.

84 2125 106 2158 l.
136 2136 190 2158 10·
227 2128 307 2158 AEn.
342 2136 373 2156 v.
402 2135 455 2166 19.
494 2127 632 2166 Namque
660 2125 744 2154 aliud
764 2124 891 2167 qttidfit,
917 2126 1061 2166 quodjczm
1085 2126 1241 2166 implorare
1257 2124 1419 2165 queamus?

84 2173 185 2206 ovid.
203 2172 222 2203 l.
241 2182 292 2213 13.
310 2173 442 2204 Menv'.
457 2172 511 2211 65.
539 2174 639 2216 Qum
656 2169 829 2211 imploraret
851 2169 974 2211 Ulyxen.
1020 2170 1078 2210 (4)
1090 2169 1142 2202 Sic
1172 2168 1259 2201 infra
1276 2169 1297 2200 l.
1313 2180 1366 2207 44.
1389 2180 1420 2201 c.

84 2223 142 2262 36·
159 2222 268 2251 animos
283 2218 410 2250 militum
437 2220 570 2250 hortando
593 2219 762 2259 inpugnant
786 2217 961 2247 accendebat.
1010 2216 1128 2247 Paullo
1153 2214 1251 2247 aliter
1266 2215 1364 2257 supra
1390 2215 1418 2247 l.

85 2277 143 2307 25.
164 2277 190 2298 c.
206 2275 258 2306 37.
283 2268 365 2298 velut
381 2265 483 2308 αισεψ
498 2266 577 2296 rabie
589 2262 757 2305 discurrunt
771 2264 812 2291 ad
825 2269 946 2304 portus.
993 2263 1051 2303 (5)
1066 2261 1146 2293 Vid.
1164 2269 1238 2292 not.
1263 2270 1313 2293 10.
1329 2262 1371 2293 ad
1385 2272 1415 2294 c.

85 2322 142 2346 12.
170 2312 192 2344 Ι.
231 2310 286 2344 26.
320 2311 432 2352 supra.
480 2309 539 2352 (6)
564 2311 670 2346 Nave,
693 2318 767 2349 qua:
788 2307 841 2339 sex
867 2318 1036 2341 remorum
1065 2306 1238 2340 ordinibus
1255 2314 1420 2350 ageretur.

85 2361 146 2396 Gr.
177 2359 283 2403 ἒξηρης,
329 2355 420 2389 Infra
448 2356 472 2388 l.
493 2365 547 2396 37.
564 2367 593 2388 c.
625 2363 677 2393 23.
708 2354 782 2384 ‘Tres
805 2354 930 2396 hepteres
950 2355 989 2386 {9³
1012 2361 1132 2396 quatuor
1147 2354 1261 2385 hexeres
1285 2354 1417 2386 habebat.

84 2407 138 2446 (7)
157 2404 210 2436 Sic
224 2405 407 2448 aegreferre,
436 2405 448 2444 ΙΙ
468 2402 622 2444 νηοᾰίεέῙει
630 2414 672 2438 re,
697 2401 729 2430 ὃ(
747 2398 869 2431 fimilia.
915 2400 971 2441 (8)
988 2401 1149 2443 AEstimare
1163 2401 1253 2436 litem,
1278 2398 1323 2431 est
1340 2410 1419 2441 pro-

83 2452 156 2495 prie
174 2449 314 2483 statuere
329 2459 482 2491 quaenam
500 2445 646 2491 pecuniae
663 2445 789 2477 summa
811 2457 831 2478 a
855 2456 914 2477 reo
930 2445 1139 2483 exsolvenda,
1161 2444 1229 2477 five
1245 2445 1281 2477 in
1303 2444 1418 2487 piacu-

55 2509 57 2512 ’
82 2498 153 2529 lum
170 2507 273 2535 noxae,
296 2495 361 2527 five
391 2495 433 2527 ad
458 2492 665 2527 resarcienda
696 2491 919 2530 incommoda,
943 2503 1016 2534 quae
1032 2491 1124 2523 illata
1141 2490 1197 2522 fibi
1215 2490 1257 2523 ab
1285 2501 1326 2525 eo
1354 2490 1417 2524 effe

82 2543 247 2586 quispiam
264 2551 436 2584 queratur.
486 2539 552 2572 Hic
569 2539 708 2583 figurate
727 2536 878 2576 sumitur,
902 2549 963 2581 pro
982 2537 1262 2578 statuereaequum
1279 2535 1418 2570 ultionis

82 2590 234 2622 modum·
262 2587 420 2626 Similiter
435 2586 523 2623 infra
539 2587 562 2619 l.
586 2598 607 2626 4
611 2597 642 2628 5.
671 2595 702 2617 c.
721 2593 774 2624 24.
801 2586 964 2617 Voluntatis
983 2584 1088 2626 nostre
1112 2586 1211 2616 tacitae
1241 2586 1321 2618 velut
1336 2584 1418 2615 litem

79 2636 237 2678 qstimuri.

1358 2672 1417 2717 est
