1834 3099
418 171 652 215 LIBER
698 173 859 216 XXIX.
908 174 1064 216 CAP.
1113 172 1276 217 XXIV.
1660 183 1739 237 251

182 302 235 331 ne
256 303 351 331 vera
364 304 413 331 eo
435 290 535 346 ipso,
568 292 682 347 quod
705 292 951 342 celarentur,
982 291 1053 333 su‘a
1069 291 1211 348 sponte
1225 291 1356 347 magis
1372 295 1519 345 ssema-

182 359 329 390 narent
378 350 585 405 timorque
621 352 663 390 in
696 351 922 392 exercitum
959 350 1175 403 incideret,
1208 365 1259 391 ne
1282 351 1398 391 simul
1420 365 1519 392 cum

183 420 280 463 rege
303 412 343 451 δι
366 408 775 466 Karthaginienfibus
797 409 904 450 foret
932 409 1185 460 bellandum,
1217 410 1362 451 avertit
1379 425 1400 450 a
1421 423 1519 450 vero

181 464 290 509 falfis
330 469 659 524 praeoccupando
690 477 850 509 mentes
881 469 1112 510 hominum.
1178 469 1246 519 Et,
1277 469 1431 510 vocatis
1467 468 1519 509 ad

182 525 428 568 concionem
453 528 668 581 militibus,
700 527 789 568 Non
810 527 915 568 ultr&
934 529 997 585 ff
1017 528 1286 578 cunHandum,
1318 528 1386 569 ait.
1449 528 1518 568 In-

171 584 303 643 stare,
346 596 389 627 ut
422 588 462 626 in
493 588 669 644 Asi-icam
703 589 987 644 quamprimum
1026 589 1214 643 trajiciat,
1245 587 1360 644 socios
1400 602 1517 642 reges.

184 642 550 703 Mqfing'fflzmpriits
570 646 688 702 ipsum
709 645 763 685 ad
786 680 796 685 -
822 646 943 686 aelium
980 647 1127 702 venff,
1160 654 1389 701 querentem,
1421 645 1523 700 quhd

183 705 391 745 cunHando
419 714 563 759 tempus
594 712 796 745 tereretur.
835 720 935 745 nunc
957 705 1156 761 Syphacem
1189 706 1337 745 mittere
1367 706 1520 759 legatos,

183 762 280 803 idem
300 763 574 816 admirantem,
603 779 682 818 quae
711 772 788 804 tam
809 763 999 804 diuturnae
1035 779 1142 804 morae
1155 763 1214 819 stt
1233 764 1342 820 causa
1359 782 1370 803 .·
1397 763 1521 819 pqstu·

183 820 409 878 lantemque,
441 831 484 863 ut
518 832 587 863 aut
621 824 845 879 trajiciatur
871 823 1020 863 tandem
1054 824 1094 863 in
1119 823 1300 881 Africam
1320 824 1521 874 exercitus,
1569 852 1573 856 -

182 889 266 931 aut,
280 881 326 936 ſs
358 890 506 922 mutata
537 881 681 938 corfilia
694 881 796 937 sint,
829 883 966 922 certior
982 881 1080 938 fiat,
1113 891 1156 922 ut
1191 882 1243 925 Εἴ
1273 882 1346 938 lpst’
1364 881 1443 936 fibi
1476 897 1523 922 ac

184 941 376 995 regnosuo
401 939 507 996 pqffit
538 941 733 997 confidere.
792 941 939 996 Itaque,
961 942 1118 997 paratis
1137 942 1230 997 jam
1263 942 1426 981 omnibus
1462 942 1523 981 in-

165 998 417 1056 strufflfsque‚
453 1000 506 1042 ἐῢ
537 1016 578 1040 re
586 1002 677 1056 jam
707 1016 777 1041 non
807 1000 914 1040 ultric
935 1001 1132 1056 recipiente
1162 1001 1448 1050 cunfz‘ationem,
1480 1000 1521 1040 in

180 1059 304 1098 animo
319 1057 401 1114 fibi
432 1059 510 1116 ff,
541 1059 746 1116 Lilybaeum
777 1059 883 1116 clcffe
909 1061 1108 1109 tradffld,
1137 1057 1326 1114 e5demq1tc
1355 1060 1523 1100 omnibus

170 1117 348 1175 peditum
369 1120 603 1173 equitumque
636 1119 751 1176 copiis
775 1120 992 1168 conti-abiis,
1023 1135 1100 1174 quae
1115 1120 1247 1178 prima
1268 1119 1345 1158 dies
1370 1119 1521 1173 cursum

182 1177 347 1216 navibus
382 1177 507 1227 daret,
539 1178 641 1219 Deis
671 1178 755 1218 bene
773 1179 1025 1233 juvantibus,
1055 1179 1095 1218 in
1117 1177 1298 1234 Africam
1328 1179 1518 1233 trqjicere.

179 1234 342 1276 Literas
384 1237 435 1276 ad
472 1236 538 1276 M.
560 1237 842 1292 Pomponium
876 1237 1019 1287 mittit,
1064 1247 1125 1286 ut,
1158 1236 1184 1277 fi
1221 1235 1259 1277 ei
1295 1236 1520 1287 videretur,

179 1293 414 1350 Lilybaeum
437 1295 619 1336 veniret:
652 1306 698 1336 ut
719 1296 997 1337 communiter
1019 1296 1295 1349 consulerent,
1325 1309 1427 1350 quas
1447 1309 1522 1352 po·
1539 1325 1570 1357 I,
1581 1324 1738 1357 Lilvbaeun·

181 1352 380 1393 tiflimum
417 1355 618 1409 legiones,
673 1358 714 1397 Sc
753 1365 956 1410 quantum
993 1355 1173 1395 militurn
1215 1368 1438 1396 numerum
1477 1354 1521 1395 in
1629 1339 1647 1368 ³
1727 1348 1750 1357 ”

182 1410 372 1453 Africam
387 1414 606 1469 trajiceret.
629 1414 727 1454 item
751 1413 912 1455 circum
942 1429 1058 1455 oram
1079 1427 1249 1455 omnem
1270 1414 1520 1454 maritimam

181 1471 309 1524 misit,
341 1482 387 1512 ut
414 1486 537 1514 naves
559 1473 756 1514 onerariae
786 1474 1092 1528 comprehensae
1119 1474 1347 1530 Lilybaeum
1375 1487 1521 1516 omnes

183 1534 248 1585 (1)
281 1531 638 1572 contraherentur.
722 1533 941 1589 Quicquid
973 1533 1156 1573 militum
1188 1531 1439 1587 naviumque
1477 1532 1520 1573 in

183 1589 324 1631 Sicilia
351 1601 453 1640 erat,
485 1605 617 1646 quum
649 1591 881 1647 Lilybaeum
918 1591 1212 1644 conveniffent‚
1247 1595 1290 1634 &
1312 1605 1388 1632 nec
1421 1590 1519 1633 urbs

181 1649 495 1690 multitudinem
521 1650 759 1702 hominum,
791 1665 866 1692 nec
890 1660 1034 1706 portus
1063 1665 1186 1691 naves
1217 1659 1396 1705 caperet,
1429 1659 1521 1691 tan-

183 1718 250 1749 tus
272 1709 466 1750 omnibus
488 1711 608 1750 ardor
630 1721 716 1752 erat
732 1710 773 1751 in
794 1709 983 1752 Africam
1015 1709 1261 1767 trajiciendi,
1293 1718 1339 1750 ut
1361 1723 1444 1750 non
1467 1710 1521 1750 ad

180 1767 336 1809 bellum
368 1768 466 1810 duci
500 1769 754 1821 viderentur,
784 1769 854 1810 sed
890 1770 941 1813 ad
973 1779 1084 1810 certa
1116 1767 1301 1810 victoriae
1334 1769 1518 1824 praemia.

181 1826 406 1894 praecipue,
437 1827 510 1882 qui
542 1828 786 1884 superabant
810 1843 861 1869 ex
893 1828 1099 1871 Cannensi
1120 1827 1320 1877 exercitu,
1353 1827 1521 1878 milites,

179 1884 269 1936 1110,
300 1900 386 1926 non
402 1887 482 1927 alio
498 1888 622 1940 duce,
654 1887 892 1938 credebant,
924 1887 1108 1940 :tnavata
1123 1886 1357 1941 reipublicae
1379 1887 1520 1940 opera,

182 1943 303 1986 finire
344 1945 384 1985 se
425 1946 615 1987 militiam
652 1945 969 2003 ignominiosam
1000 1945 1123 2000 poffe.
1185 1951 1240 1987 fit
1271 1944 1411 2003 Scipio
1442 1945 1520 1985 mi·

182 2002 294 2044 nime
323 2003 365 2044 id
399 2018 530 2059 genus
564 2006 746 2047 militum
777 2004 1091 2060 aspernabatur:
1124 2012 1170 2044 ut
1203 2003 1276 2058 qui
1310 2017 1445 2059 neque
1467 2005 1518 2044 ad

183 2062 351 2103 Cannas
386 2062 545 2118 ignavia
581 2078 726 2104 eorum
760 2065 919 2105 cladem
955 2073 1167 2119 acceptam
1199 2063 1332 2113 sciret,
1383 2077 1519 2117 neque

182 2122 290 2162 ullos
323 2120 441 2176 aeque
474 2131 631 2164 veteres
656 2123 807 2164 milites
829 2123 872 2162 in
903 2122 1086 2162 exercitu
1110 2123 1304 2162 Romano
1324 2122 1416 2171 esse,
1449 2136 1519 2163 ex-

181 2179 401 2235 pertosque
437 2194 522 2221 non
557 2181 680 2223 variis
715 2181 874 2238 proeliis
910 2183 1053 2231 modo,
1086 2180 1154 2221 sed
1188 2180 1357 2223 urbibus
1392 2181 1517 2221 etiam

182 2239 487 2296 oppugnandis.
552 2241 712 2296 Quinta
732 2244 767 2281 ὅ(
790 2240 901 2281 sexta
924 2239 1159 2281 Cannenses
1181 2250 1298 2280 erant
1318 2240 1516 2294 legiones.

183 2312 252 2339 eas
283 2299 322 2339 se
347 2303 362 2351 Η
386 2298 659 2355 traje&urum
691 2299 734 2340 in
757 2299 945 2340 Africam
975 2313 1104 2354 quum
1135 2299 1310 2352 dixisset,
1340 2299 1518 2354 singulos

183 2357 336 2399 milites
356 2357 558 2413 inspexit:
590 2358 842 2413 relietisque,
874 2373 978 2412 quos
1000 2373 1084 2398 non
1107 2358 1278 2399 idoneos
1308 2359 1517 2406 credebat,

183 2415 228 2456 in
247 2416 389 2457 locum
429 2430 575 2458 eorum
606 2417 792 2474 subjecit,
824 2431 928 2471 quos
965 2417 1102 2458 secum
1138 2431 1188 2457 ex
1211 2417 1327 2457 Italia
1359 2417 1519 2457 addux-

184 2485 270 2517 erat
285 2492 297 2526 5
331 2475 617 2533 supplevitque
638 2476 695 2521 ita
725 2490 792 2518 eas
825 2477 1023 2534 legiones,
1056 2485 1102 2517 ut
1122 2475 1288 2533 lingulae
1310 2475 1404 2517 sena
1427 2475 1520 2516 mil-

1464 2534 1520 2577 lia

232 2653 273 2690 C.
288 2662 339 2696 24.
354 2653 412 2700 (1)
425 2655 535 2700 Supra
551 2656 574 2690 1.
587 2664 641 2692 21.
658 2667 686 2690 c·
711 2655 764 2693 26.
782 2657 910 2692 Perlisit
923 2657 999 2691 donis
1016 2658 1057 2690 ad
1072 2668 1161 2690 naves
1177 2658 1296 2700 undique
1311 2655 1518 2737 effingatis&

1442 2711 1460 2733 a
1511 2710 1520 2732 ι
