1834 3099
135 207 217 258 248

139 453 233 495 Scipio
251 466 306 490 res,

136 512 191 530 uon
205 500 308 536 verba,

140 547 181 575 ud
188 554 320 588 purgan-

141 593 246 632 dumse
257 598 317 634 pcl-

141 643 204 667 rat.

145 1515 304 1548 ,Pleminius
316 1519 346 1550 n‘n

146 1563 268 1593 vinculis
285 1577 342 1596 mo·

143 1608 235 1645 titur,

881 197 936 239 T.
975 196 1173 241 LIVII

370 317 490 358 cultu
519 329 565 356 ae
595 314 744 356 desidia
777 315 1034 369 imperatoris
1071 315 1283 369 solutaque
1307 313 1463 355 militiae
1486 309 1698 366 disciplina

369 385 590 428 comperta
607 374 738 415 oculis
756 373 986 429 perferrent
1004 377 1066 429 (3)
1084 374 1281 415 Romam.

410 432 567 475 ‘XXIL
624 432 899 474 Venientibus
939 433 997 475 eis
1035 433 1270 490 Syracusas,
1321 431 1460 487 Scipio
1499 443 1582 480 res,
1611 439 1696 468 non

369 492 509 542 verba,
541 493 593 532 ad
621 493 882 547 purgandum
904 492 984 534 sese
1004 493 1173 548 paravit.
1196 491 1424 533 exercitum
1455 501 1623 534 omnem
1644 487 1697 526 eo

369 551 604 602 convenire,
637 551 795 592 claffem
819 551 1002 606 expediri
1025 552 1149 608 jussit,
1182 562 1379 605 tanquam
1415 547 1699 590 dimicandum

370 624 419 650 eo
437 610 502 651 die
525 611 632 651 terra
653 611 838 664 marique
861 625 956 650 cum
985 609 1393 666 Karthaginiensibus
1425 608 1533 649 effet-
1597 605 1697 660 Quo

369 669 435 709 die
471 678 688 718 venerunt,
719 669 894 724 hospitio
917 670 1089 710 comiter
1126 669 1304 724 acceptis
1334 667 1497 723 postero
1520 665 1585 705 die
1617 673 1700 703 ter·

369 726 536 769 restrem
555 728 821 783 navalemque
844 729 1064 776 exercitus,
1095 743 1178 768 non
1201 727 1424 769 instructos
1456 722 1598 773 modo,
1630 721 1699 788 sed

368 784 445 827 hos
470 791 486 838 ΙΙ
520 787 800 838 decurrentes,
833 788 992 828 claffem
1031 788 1071 827 in
1109 797 1246 841 portu,
1278 787 1539 827 {imulacrum
1575 784 1612 824 &
1638 795 1702 836 lp-

369 844 453 886 sam
475 846 665 885 edentem
695 847 848 887 navalis
880 861 1047 901 pugnae,
1079 846 1284 887 ostendit:
1317 856 1405 885 tum
1428 845 1536 885 circa
1568 854 1701 882 arma-

369 903 566 943 mentaria
593 906 630 945 3<
662 903 808 945 horrea
841 905 1050 957 aliumque
1084 905 1179 945 belli
1215 914 1456 959 apparatum
1489 900 1702 942 visendum

369 972 520 1017 praetor
542 962 746 1017 legatique
769 963 899 1003 duffl.
959 963 1179 1017 Tantaque
1213 963 1429 1004 admiratio
1452 960 1703 1017 singularum

370 1019 733 1074 universarumque
751 1036 889 1062 rerum
911 1021 1061 1062 incussa
1084 1025 1161 1077 (1),
1196 1032 1242 1062 ut
1262 1022 1354 1062 satis
1372 1022 1599 1067 crederent,
1632 1026 1703 1058 aut

371 1079 440 1119 illo
479 1079 584 1119 duce
607 1089 729 1133 atque
750 1081 933 1121 exercitu
948 1080 1056 1121 vinci
1078 1080 1464 1136 Karthaginiensem
1484 1078 1704 1134 populum,

370 1148 442 1178 aut
464 1138 578 1177 nullo
617 1138 696 1178 alio
716 1139 823 1193 poffe
842 1155 851 1180 ε
879 1138 1171 1195 juberentque,
1204 1139 1316 1193 quod
1342 1139 1416 1180 Dii
1443 1138 1548 1179 bene
1569 1142 1593 1189 †
1612 1149 1703 1175 ver-

371 1206 520 1244 terent,
553 1197 755 1252 trajicere‚
792 1200 830 1238 &
853 1197 935 1253 spei
968 1208 1194 1253 conceptae,
1226 1212 1309 1252 quo
1331 1198 1397 1238 die
1420 1197 1535 1237 illum
1558 1208 1704 1235 omnes

371 1255 567 1296 centuriae
591 1258 653 1308 (2)
687 1256 865 1310 priorem
907 1256 1117 1298 consulem
1142 1256 1347 1306 dixiffent,
1379 1256 1513 1311 primo
1536 1267 1702 1308 quoque

372 1321 558 1367 tempore
581 1320 817 1369 compotem
839 1316 1040 1370 populum
1066 1316 1307 1357 Romanum
1325 1315 1484 1361 facere:
1516 1309 1703 1367 adeoque

372 1371 476 1412 laetis
499 1372 593 1412 inde
617 1373 764 1414 animis
786 1374 964 1430 profe&i
982 1373 1090 1425 sunt,
1123 1385 1320 1428 tanquam
1349 1373 1584 1424 victoriam,
1616 1384 1703 1411 non

373 1429 470 1470 belli
506 1430 775 1486 magnificum
805 1442 1067 1488 apparatum,
1098 1433 1334 1475 nunciaturi
1357 1433 1539 1473 Romam
1562 1431 1702 1471 essent.

376 1489 619 1540 Pleminius,
666 1491 896 1545 quiquevin
930 1493 1074 1532 eadem
1109 1499 1124 1544 Η
1161 1492 1279 1533 causa
1312 1501 1441 1540 erant,
1486 1490 1702 1546 postquam

376 1547 559 1594 Romam
580 1549 637 1590 est
663 1560 851 1600 ventum,
881 1553 1092 1606 extemplo
1124 1552 1166 1590 in
1188 1564 1391 1591 carcerem
1416 1555 1431 1601 ΙΙ
1459 1548 1628 1591 conditi.
1658 1561 1704 1590 ac

375 1605 514 1661 primo
535 1608 728 1661 producti
764 1609 814 1648 ad
846 1610 1047 1663 populum
1069 1609 1119 1650 ab
1141 1608 1332 1660 tribunis,
1364 1610 1473 1663 apud
1494 1621 1707 1664 praeoccu-

375 1677 493 1720 patos
524 1666 791 1707 Locrensium
813 1668 927 1714 clade
950 1668 1125 1717 animos,
1155 1669 1315 1708 nullum
1338 1666 1624 1708 misericordiae
1647 1666 1709 1706 lo·

375 1735 474 1764 cum
511 1723 756 1765 habuerunt.
800 1726 952 1780 postea,
1005 1741 1134 1780 quum
1178 1727 1323 1781 saepius
1360 1728 1707 1781 producerentur,

371 1781 460 1839 jam
492 1786 508 1833 Η
536 1782 766 1824 senescente
804 1784 970 1836 invidia,
1003 1788 1064 1840 (3)
1102 1785 1392 1827 molliebantur
1433 1786 1530 1826 irae:
1561 1783 1708 1838 &ipsa

377 1839 619 1882 deformitas
642 1843 831 1883 Pleminii
862 1844 1142 1898 memoriaque
1164 1843 1339 1885 absentis
1362 1843 1564 1899 Scipionis
1592 1842 1709 1884 favo-

378 1911 464 1939 rem
484 1900 533 1939 ad
570 1901 741 1955 vulgum
771 1901 1027 1942 conciliabat.
1089 1904 1287 1944 Mortuus
1329 1913 1469 1944 tamen
1510 1898 1626 1957 prius
1662 1901 1706 1941 in

378 1957 554 1999 vinculis
575 1959 649 2009 est,
682 1958 806 2014 quam
841 1960 1047 2016 judicium
1085 1962 1135 2002 de
1167 1975 1216 2003 eo
1249 1961 1392 2017 populi
1426 1961 1709 2017 perficeretur.

1577 2019 1707 2064 Hunc

379 2153 437 2193 (3)
463 2153 600 2185 Codices
623 2154 780 2196 aliquot‡
804 2160 958 2199 refers-ent,
980 2159 1071 2199 quod
1100 2157 1224 2200 optime
1257 2156 1428 2190 convenit.
1475 2155 1591 2198 Legati
1622 2155 1710 2188 enim

381 2199 540 2230 dicuntur
557 2203 666 2241 rgfbrre
683 2199 747 2233 live
763 2201 973 2244 legationem,
995 2204 1059 2235 five
1077 2204 1282 2249 responsum,
1303 2203 1367 2235 five
1391 2201 1552 2244 quicquid
1573 2202 1710 2234 domum

381 2253 590 2277 renunciant.

430 2311 470 2340 C.
485 2318 536 2339 22.
555 2310 611 2350 (1)
626 2307 731 2351 Supra
750 2321 778 2343 e.
806 2309 858 2343 18.
881 2312 985 2357 inczffa
1009 2321 1074 2344 erat
1095 2314 1203 2356 religio.
1249 2314 1335 2344 Hor.
1351 2313 1374 2345 1.
1397 2322 1427 2345 1.
1451 2313 1514 2355 Ep.
1541 2321 1591 2350 14.
1605 2322 1635 2343 v.
1655 2320 1712 2347 22.

383 2354 527 2384 Incutiunt
552 2356 629 2385 urhis
657 2356 831 2396 desiderium.
879 2356 930 2389 Sic
956 2361 1077 2390 incutere
1100 2361 1188 2390 alicui
1203 2366 1352 2396 terrorem,
1374 2366 1474 2389 metum
1497 2359 1562 2390 ἃς.
1589 2357 1714 2399 paffim.

385 2400 440 2438 (2)
455 2401 546 2430 Prior
559 2400 651 2439 consul
667 2401 698 2430 Sc
712 2404 801 2443 prior
825 2404 917 2434 aedilis
942 2403 996 2442 est,
1020 2404 1076 2445 qui
1095 2415 1133 2435 ex
1148 2404 1278 2437 duobus
1295 2404 1408 2446 priore
1434 2404 1509 2436 loco
1525 2403 1710 2435 declaratus

384 2455 420 2475 ac
435 2444 646 2477 renunciatus
663 2445 726 2476 est:
752 2449 864 2488 primus
875 2455 997 2490 praet0r‚
1023 2449 1078 2491 qui
1099 2461 1115 2481 e
1132 2450 1293 2492 pluribus,
1318 2453 1418 2492 quam
1434 2449 1577 2487 duobus,
1599 2448 1709 2491 primo

385 2488 469 2519 loro.
515 2489 577 2532 [lta
593 2491 749 2522 Dukerus
765 2505 771 2524 :
799 2493 830 2523 &
844 2493 907 2525 hoc
920 2494 1011 2526 sensu
1037 2497 1141 2526 adilem
1151 2500 1294 2538 priorem,
1310 2502 1462 2538 pretorem
1470 2497 1601 2538 primum
1617 2493 1711 2526 Cice·

386 2544 500 2564 ronem
516 2535 691 2578 usurpaffe,
713 2545 842 2569 certum
858 2539 913 2570 est.
961 2539 1038 2571 vid.
1056 2542 1114 2572 Or.
1129 2540 1162 2572 in
1181 2541 1243 2573 Pis.
1260 2554 1286 2575 c.
1306 2551 1334 2572 ι.
1349 2542 1415 2572 Pro
1430 2540 1500 2584 lege
1517 2541 1615 2571 Man.
1628 2551 1657 2571 c.
1677 2549 1710 2572 1.

388 2583 542 2610 Attamen
557 2592 668 2612 annon
681 2585 808 2623 priorem
821 2586 950 2626 consulem
966 2584 1021 2617 hic
1035 2596 1097 2628 pro
1108 2589 1238 2628 cotfidem
1257 2589 1325 2618 armi
1340 2588 1454 2630 prioris
1472 2584 1619 2627 accipere
1637 2585 1710 2627 pos-

385 2623 491 2661 simus,
513 2627 665 2658 nonnihil
677 2627 807 2662 dubito.
854 2629 954 2662 Simili
968 2631 1196 2675 sensuproximi
1211 2635 1327 2674 confides
1344 2633 1499 2673 frequens
1515 2630 1559 2663 est
1574 2644 1582 2663 t
1608 2630 1640 2661 δι
1658 2630 1711 2662 su-

386 2669 445 2709 prfil
467 2680 492 2700 c.
515 2670 562 2701 16.
588 2676 678 2710 tertii,
706 2677 800 2714 quinti
813 2677 930 2713 consules
957 2677 1115 2709 occurrit.
1161 2679 1246 2710 Rem
1275 2677 1406 2711 tantflm
1435 2676 1572 2719 snbjiCio
1599 2675 1708 2708 dOffiS

385 2715 667 2762 perpendendam.
683 2717 739 2761 E.]
782 2720 840 2762 (3)
857 2722 1017 2754 Mollia-t
1029 2725 1104 2754 mod&
1119 2736 1182 2755 :rm
1199 2724 1297 2767 supr&
1314 2723 1337 2756 l.
1355 2731 1378 2754 1.
1396 2733 1424 2754 c.
1439 2733 1473 2766 9.
1494 2723 1526 2756 δε
1540 2724 1629 2754 lenire
1644 2724 1708 2753 iras·
1749 2742 1757 2747 -

1631 2767 1655 2800 1.
1671 2776 1704 2800 2.
