1840 3094
106 244 155 282 18

102 1894 192 1923 Cmeo
228 1895 283 1924 Sa-

98 1947 183 1977 >,(νιιννῖο
217 1942 304 1979 {t‘rpi-

100 1986 167 2011 dant
201 1986 303 2014 Ronm-

823 239 878 282 T.
916 240 1116 283 L1V1.1

321 367 391 397 aut
426 356 569 397 armati
597 357 757 397 nullum
778 356 870 397 ante
894 356 1018 398 finem
1040 371 1204 412 pugnae,
1236 354 1360 411 quam
1383 351 1622 398 morientes,

321 415 508 455 fecerunt
532 413 547 454 ?

381 473 478 513 XV.
511 471 688 528 Captum
711 473 906 529 oppidum
929 473 984 514 est
1007 488 1101 514 cum
1125 473 1280 528 ingenti
1300 471 1448 526 praedfi.
1480 467 1625 524 Qan-

324 545 447 583 quam
481 532 671 586 pleraque
693 532 741 572 ab
773 531 948 572 dominis
982 533 1031 572 de
1059 531 1252 572 industria
1282 539 1473 583 corrupta
1494 532 1646 578 erant»,

327 591 367 628 &
391 588 431 627 in
455 589 633 630 caedibus
658 591 724 631 vix
750 591 880 630 ullum
907 589 1121 630 discrimen
1147 589 1275 629 aetatis
1301 589 1358 628 ira
1382 587 1551 634 fecerat,
1584 583 1622 622 &

325 647 473 699 captivi
496 648 671 688 militum
694 648 829 702 praeda
850 647 1040 696 fuerant3
1070 658 1207 688 tamen
1222 650 1261 687 &
1277 661 1326 687 ex
1346 646 1475 700 pretio
1488 653 1627 682 rerum

324 705 580 744 venditarum
605 712 627 753 †
650 707 904 758 aliquantum
922 706 1104 759 pecuniae
1124 705 1338 746 redactum
1358 704 1434 745 effe
1454 699 1628 749 constat,

325 765 364 802 δι
391 764 562 802 multam
584 764 799 818 pretiosam
822 764 1113 818 supellectilem
1134 763 1367 818 vestemque
1387 764 1451 816 (1)
1472 758 1627 800 miffam

323 820 636 875 Karthaginem.
675 822 838 863 ottavo
861 822 1012 872 mense,
1033 820 1158 876 quam
1175 831 1359 876 coeptum
1378 815 1628 874 oppugnari,

324 888 488 932 captum
511 879 757 934 Saguntum,
782 880 947 934 quidam
971 879 1159 935 scripsere
1178 895 1186 919 :
1218 880 1312 919 inde
1333 876 1628 931 Karthaginem

323 950 472 977 novam
495 936 535 976 in
557 937 725 978 hiberna
742 937 1015 979 Hannibalem
1033 938 1256 978 concessifl'e
1275 953 1284 977 ε
1316 936 1460 991 quinto
1482 933 1629 975 deinde

324 995 476 1043 mense,
509 994 634 1050 quam
651 995 700 1036 ab
717 996 967 1051 Karthagine
984 995 1195 1050 proferitus
1215 996 1275 1044 fit,
1307 995 1348 1035 in
1366 994 1525 1034 Italiam
1539 1005 1632 1045 per-

323 1053 483 1093 veniffe.
545 1053 651 1110 Qiae
674 1054 699 1094 fi
723 1054 776 1094 ita
799 1054 905 1105 sunt,
936 1054 1023 1094 fieri
1046 1068 1127 1094 non
1150 1054 1300 1108 potuit,
1331 1062 1377 1092 ut
1398 1054 1443 1093 P.
1475 1050 1632 1103 Corne-

322 1110 416 1159 lius,
447 1110 514 1151 Ti.
549 1111 816 1166 Sempronius
840 1112 1024 1152 consules
1053 1112 1222 1161 fuerint,
1251 1113 1300 1151 ad
1322 1124 1425 1164 quos
1458 1112 1500 1150 ὅτ
1521 1108 1635 1162 prin-

321 1168 431 1222 cipio
452 1171 768 1224 oppugnationis
794 1170 915 1225 legati
938 1170 1155 1224 Saguntini
1181 1169 1281 1209 missi
1307 1169 1398 1218 sint,
1431 1170 1471 1208 ὃν
1493 1166 1564 1221 qui
1587 1166 1631 1206 in

323 1225 394 1265 suo
430 1227 664 1282 magistratu
692 1242 788 1268 cum
814 1227 1062 1277 Hannibale,
1095 1229 1196 1268 alter
1232 1228 1282 1268 ad
1315 1226 1512 1267 Ticinum
1547 1238 1633 1264 am-

322 1297 434 1335 nem,
475 1285 595 1324 ambo
635 1286 842 1339 aliquanto
879 1285 965 1340 post
1008 1287 1056 1325 ad
1096 1285 1308 1336 Trebiam,
1349 1282 1632 1338 pugnaverint.

325 1342 413 1382 Aut
449 1343 587 1382 omnia
606 1343 791 1384 breviora
826 1344 1035 1396 aliquanto
1061 1342 1191 1392 fuere,
1213 1346 1275 1397 (2⁴)
1297 1351 1369 1382 aut
1399 1342 1632 1396 Saguntum

323 1400 525 1453 principio
547 1402 660 1453 anni,
692 1416 774 1455 quo
795 1401 843 1441 P.
876 1401 1108 1450 Cornelius,
1148 1401 1218 1441 Ti.
1249 1399 1516 1454 Sempronius
1535 1413 1635 1439 eon-

324 1457 429 1498 sules
454 1457 636 1507 fuerunt,
668 1473 752 1500 nou
783 1469 968 1514 coeptum
993 1458 1223 1514 oppugnari
1253 1457 1328 1510 est,
1360 1457 1426 1498 sed
1451 1467 1631 1510 captum.

322 1515 433 1555 Nam
456 1517 650 1556 excessiffe
674 1520 735 1571 (3)
758 1531 894 1572 pugna
915 1518 964 1557 ad
985 1517 1179 1557 Trebiam
1201 1517 1243 1555 in
1265 1530 1419 1556 annum
1440 1515 1518 1556 Cn.
1539 1515 1634 1555 Ser-

323 1574 406 1613 vilii
434 1575 470 1614 &
496 1573 545 1614 C.
574 1575 763 1615 Flaminii
786 1589 868 1614 non
890 1574 1044 1628 potest:
1087 1575 1182 1629 quia
1203 1574 1428 1615 Flaminius
1453 1573 1632 1613 Arimini

323 1631 578 1672 consulatum
599 1633 704 1681 iniit,
726 1643 884 1673 creatus
901 1632 950 1672 ab
969 1632 1038 1672 Ti.
1058 1632 1302 1686 Sempronio
1322 1631 1514 1679 consule;
1545 1631 1633 1684 qui,

322 1689 411 1743 post
431 1705 611 1746 pugnam
633 1693 682 1730 ad
704 1691 897 1732 Trebiam
918 1692 968 1730 ad
989 1697 1014 1739 †
1035 1692 1229 1731 creandos
1250 1690 1434 1730 consules
1452 1689 1633 1729 Romam

323 1762 453 1800 quum
475 1749 652 1798 veniffet,
675 1749 849 1790 comitiis
871 1748 1063 1802 perfezstis
1085 1749 1136 1789 ad
1157 1749 1381 1790 exercitum
1402 1747 1446 1788 in
1465 1747 1634 1788 hiberna

321 1807 456 1846 rediit.

382 1865 500 1905 XVI.
534 1864 620 1906 Sub
642 1865 751 1905 idem
773 1864 856 1905 fere
879 1876 1040 1920 tempus
1063 1868 1103 1907 δι
1126 1865 1262 1920 legati,
1294 1865 1364 1919 qui
1385 1865 1588 1905 redierant
1609 1880 1631 1905 a

323 1921 592 1977 Karthagine,
625 1924 843 1976 Romam‡
866 1926 1106 1971 retulerunt,
1138 1924 1275 1963 omnia
1291 1923 1449 1963 hostilia
1475 1923 1563 1967 effe„
1589 1926 1630 1964 δι’

322 1981 494 2032 Sagunti
515 1981 720 2022 excidium
742 1982 980 2021 nunciatum
1001 1981 1081 2021 est:
1114 1982 1328 2034 tantusque
1347 1982 1461 2020 simul
1478 1995 1632 2022 moeror

321 2032 477 2082 Paires,
500 2039 852 2092 misericordiaque
879 2039 1078 2079 sociorum
1107 2051 1409 2093 peremptorum
1451 2038 1632 2094 indigne,

327 2098 364 2136 ἃ
409 2098 540 2150 pudor
580 2111 662 2136 non
701 2098 772 2137 lati
811 2097 964 2146 auxilii,
1005 2100 1043 2138 &
1078 2098 1136 2137 ira
1173 2098 1214 2137 in
1256 2096 1630 2153 Karthaginienses,
1682 2115 1688 2119 ·

368 2214 406 2244 C.
426 2223 478 2251 ις.
513 2213 568 2253 (1)
589 2214 680 2256 Vests's
698 2224 762 2244 vox
779 2213 821 2245 cst
837 2213 962 2245 latioris
979 2213 1462 2256 significationis,comple6ttns
1482 2213 1632 2256 peristro-

322 2267 419 2292 mata.
447 2260 654 2299 &oqumque
669 2260 806 2301 straguls
824 2261 903 2295 vestis
929 2259 1060 2290 nomine
1077 2258 1226 2290 veniunt.
1274 2260 1329 2299 (2)
1353 2259 1498 2291 Omnino
1511 2259 1632 2292 necesse

321 2301 375 2333 cst,
399 2313 433 2333 ut
453 2306 631 2343 Saguntum
650 2315 715 2334 non
745 2304 911 2345 principio
934 2305 1040 2346 hujus,
1063 2304 1114 2335 scd
1133 2304 1303 2344 aliquanto
1325 2312 1400 2335 ante
1417 2303 1514 2335 finem
1539 2304 1633 2347 supe-

325 2347 418 2376 rimis
437 2350 510 2378 anni
530 2357 662 2389 captum
674 2349 782 2380 fuerit.
808 2350 868 2379 His
883 2349 966 2380 enini
981 2349 1182 2391 temporibus
1196 2349 1342 2380 consules
1365 2349 1474 2381 idibus
1501 2350 1645 2381 hiartiis'

323 2392 541 2431 ivr-gistratuin
575 2393 712 2424 inibant.
770 2395 856 2424 infra
882 2403 991 2426 antem
1016 2405 1042 2426 c.
1070 2404 1119 2425 21.
1145 2394 1367 2426 Hannibalem
1391 2395 1540 2426 videmus
1565 2395 1631 2436 pri-

323 2448 376 2465 nu,
396 2448 469 2467 vere
487 2440 671 2478 profestum
699 2437 759 2469 effe
776 2448 813 2469 cx
840 2439 1008 2480 Hispania,
1044 2440 1211 2481 postquam
1236 2447 1344 2470 totum
1363 2448 1492 2481 tempus
1518 2439 1631 2471 hiemis

325 2492 349 2510 rr
363 2483 521 2512 nox-andin
539 2483 648 2522 quiete
667 2485 697 2514 Sc
727 2485 797 2514 otio
823 2483 964 2514 militurn
985 2485 1180 2526 corporibus
1201 2485 1380 2525 animisque
1408 2486 1521 2516 datum
1544 2484 1629 2516 essct.

324 2527 419 2557 l'nde
453 2527 617 2572 rolligitur
644 2528 866 2560 Hannibalem
897 2530 1015 2560 codem
1042 2531 1108 2560 fere
1137 2537 1286 2571 tempore
1313 2529 1515 2571 Karthagine
1542 2528 1628 2560 novi

322 2571 467 2605 imvvii't'r,
491 2583 556 2611 quo
575 2573 605 2602 hi
625 2574 782 2608 consules,
806 2575 843 2604 P.
870 2574 1042 2605 Cornelius
1061 2576 1092 2605 ὃ(
1107 2574 1160 2605 Ti.
1182 2574 1392 2615 Sempronius
1409 2573 1630 2616 magistratum

323 2616 492 2648 inierunt:
522 2621 697 2657 Saguntum
726 2627 833 2648 autum
863 2627 994 2661 captum
1015 2619 1077 2651 effe
1099 2619 1156 2651 sub
1182 2619 1279 2650 finem
1305 2618 1419 2650 astatis
1447 2619 1516 2661 ejus
1542 2620 1632 2657 anni,

323 2672 389 2690 mn»
415 2662 463 2691 M.
490 2662 600 2692 Livius
624 2663 655 2692 Sc
689 2664 724 2692 1„
742 2663 894 2694 lrlniilius
909 2664 1057 2695 consules
1072 2666 1174 2697 suere.
1232 2666 1345 2706 Atque
1357 2664 1400 2696 ita
1414 2665 1511 2696 habet
1534 2665 1632 2708 Poly-

323 2706 405 2735 him.
452 2708 508 2745 (ζ)
532 2707 581 2737 sic
598 2707 682 2737 infra
702 2708 720 2737 Ι.
739 2717 788 2746 30.
807 2719 832 2737 τ’.
862 2708 911 2738 26.
942 2711 1010 2739 1ch
1027 2723 1055 2739 m
1083 2723 1154 2741 anno
1171 2713 1199 2739 r'n
1228 2710 1337 2751 Afric-E
1358 2724 1392 2754 ge
1413 2723 1438 2741 a.
1455 2711 1633 2753 Just-quentia

318 2754 443 2783 expedvit
472 2764 498 2780 m
522 2765 706 2789 :ath-annum,
729 2766 777 2795 quo
795 2755 844 2784 ,W
872 2755 1017 2786 Servilius
1035 2758 1160 2786 Geminus
1185 2756 1253 2787 &a
1280 2756 1317 2786 E.

1417 2799 1629 2854 metusque
