1840 3094
90 226 179 263 ¹:100

821 198 877 252 Τ.
920 199 1127 252 L1V11

320 329 416 385 quia
432 341 477 370 ea
493 327 605 383 regio
628 327 690 383 (4)
721 326 931 382 praesentis
968 337 1054 368 erat
1094 327 1239 382 copi‘e,
1292 340 1374 366 non
1416 333 1637 383 perpetum,

320 387 481 430 arbusta
503 387 729 440 vineaeque,
753 389 794 427 &
818 387 967 427 consita
990 386 1127 426 omnia
1149 385 1278 441 magis
1299 386 1489 436 amoenis,
1511 400 1634 441 quam

319 445 548 487 neccssariis
564 444 948 486 fructibus.11aec
967 459 1038 499 per
1052 445 1193 499 exp101
1197 457 1328 485 atores
1345 445 1470 486 relata
1501 445 1642 486 Fabio.

322 507 469 563 Qum
487 503 578 545 satis
601 503 734 556 sciret,
765 518 836 558 per
852 503 1012 543 easdem
1045 502 1264 559 angustias,
1296 502 1476 557 quibus
1467 514 1636 543 intrave-

322 574 384 605 rat
402 564 647 604 Falernum
638 575 800 616 agrum,
835 561 1078 611 rediturum,
1111 562 1354 603 Calliculam
1383 571 1566 601 montem
1600 564 1640 602 δε

323 622 547 663 Casilinum
570 630 744 675 occupat
767 620 939 660 modicis
955 620 1175 674 praesidiis3
1209 635 1300 674 quae
1322 619 1436 672 urbs,
1466 610 1645 660 Vultur-

324 695 380 721 no
403 680 571 720 flumine
593 680 794 733 dirempta
812 681 890 735 (ς),
921 679 1140 719 Falernum
1161 693 1207 719 ac
1231 680 1494 733 Campanum
1524 691 1645 734 agros

325 739 501 779 dividit:
533 737 614 793 ipse
632 738 742 794 jugis
777 737 918 777 iisdem
956 737 1182 778 exercitum
1224 737 1397 786 reducit,
1429 736 1543 776 miffo
1574 750 1648 776 ex-

325 799 534 852 ploratum
553 810 649 838 cum
672 795 981 852 quadringentis
1003 795 1209 850 equitibus
1229 795 1432 836 sociorum
1463 794 1512 836 L.
1536 794 1646 836 Hos-

324 856 414 896 tilio
437 855 666 897 Mancino:
718 855 789 909 qui
823 856 884 908 (6)
926 868 975 895 ex
1011 854 1130 895 turbzi
1158 855 1359 909 juvenum
1386 853 1645 894 audientium

326 914 429 969 saepe
464 913 656 954 ferociter
689 913 1003 954 concionantem
1045 913 1283 968 magistrum
1315 912 1520 967 equitum,
1552 925 1648 966 pro-

325 973 478 1029 gressus
494 971 632 1027 primo
647 972 914 1026 exploratoris
934 973 1073 1022 modo,
1114 981 1160 1012 ut
1176 986 1225 1013 ex
1249 981 1338 1012 tuto
1370 970 1648 1025 specularetur

320 1030 506 1081 hostem,
570 1030 640 1071 ubi
679 1044 803 1086 vagos
843 1029 983 1084 passim
1024 1044 1096 1084 per
1127 1029 1240 1071 vicos
1272 1029 1477 1070 Numidas
1527 1028 1648 1080 vidit,

320 1094 437 1145 per‡
459 1088 712 1130 occasionem
730 1088 855 1129 etiam
887 1101 1040 1142 paucos
1072 1082 1256 1129 occidit:
1286 1087 1493 1143 extemplo
1524 1101 1647 1128 occu-

320 1157 446 1203 patus
468 1147 690 1188 certamine
711 1146 769 1187 est
784 1145 965 1199 animus,
998 1149 1060 1215 (7)
1080 1146 1402 1200 excideruntque
1441 1155 1648 1215 praecepta

325 1205 569 1254 dictatoris·
603 1206 690 1258 qui,
722 1214 924 1260 quantum
957 1202 1050 1245 tuto
1084 1205 1228 1259 posset,
1257 1204 1509 1259 progressum
1531 1200 1646 1258 prius

322 1263 506 1319 recipere
523 1262 603 1303 sese
614 1263 797 1318 jusserat,
829 1278 898 1317 qu
889 1277 954 1302 lm
974 1263 1015 1302 in
1037 1262 1305 1317 conspectum
1335 1261 1515 1303 hostium
1536 1262 1651 1302 veni-

325 1332 401 1364 ret.
464 1321 679 1370 Numidae,
711 1321 779 1360 alii
800 1330 922 1374 atque
938 1321 1006 1360 alii
1025 1321 1285 1362 occursantes
1303 1320 1651 1376 refugientesque,

325 1382 380 1422 ad
401 1379 528 1422 castra
546 1377 672 1434 prope
693 1378 825 1433 ipsum
847 1392 942 1419 cum
958 1378 1198 1434 fatigatione
1214 1390 1417 1434 equorum
1438 1389 1561 1434 atque
1574 1379 1650 1420 ho-

325 1439 489 1481 minum
521 1447 766 1504 pertraxere.
799 1436 894 1477 inde
928 1437 1143 1503 Kartlralo,
1174 1452 1301 1493 penes
1335 1451 1458 1492 quem
1491 1437 1650 1478 summa

326 1495 556 1553 equestris
545 1495 709 1550 imperii
735 1503 837 1545 erat,
871 1495 1086 1537 concitatis
1127 1497 1244 1550 equis
1284 1495 1487 1546 invectus,
1519 1510 1651 1550 quum

322 1554 461 1613 prius,
493 1568 620 1609 quam
636 1555 687 1595 ad
719 1553 957 1610 conjectum
987 1554 1058 1594 teli
1089 1555 1264 1607 veniret,
1301 1555 1537 1608 avertiss‘et‡
1557 1553 1652 1596 hos-

327 1625 429 1665 tem,
461 1614 644 1668 quinque
666 1612 793 1653 millia
823 1612 951 1653 ferme
977 1613 1206 1654 continenti
1237 1613 1358 1654 cursu
1394 1613 1556 1654 secutus
1591 1613 1651 1654 est

327 1674 550 1729 fugientes.
611 1671 850 1722 Mancinus,
902 1671 1117 1726 postquam
1158 1685 1233 1713 nec
1270 1671 1430 1713 hostem
1466 1670 1652 1713 defistere

330 1731 461 1786 sequi,
492 1743 569 1771 nec
591 1730 702 1784 spem
719 1729 821 1771 vidit
842 1729 1066 1785 effugiendi
1086 1731 1179 1781 effe,
1212 1730 1449 1772 cohortatus
1481 1729 1574 1772 suos
1607 1730 1654 1771 in

330 1789 526 1846 proelium
543 1789 677 1838 rediit,
709 1788 823 1834 omni
844 1789 1114 1843 partivirium
1145 1789 1290 1843 impar.
1367 1790 1511 1843 Itaque
1553 1788 1652 1843 ipse,

333 1852 376 1891 ἃ
399 1847 550 1889 delecti
566 1847 772 1901 equitum,
803 1846 1073 1887 circumventi
1094 1848 1352 1888 occiduntur.
1377 1847 1502 1888 ceteri
1523 1847 1652 1887 efluso

331 1906 470 1948 rursus
491 1904 612 1947 c'ursu
633 1904 752 1946 Cales
772 1902 971 1959 primum,
998 1905 1093 1946 inde
1109 1905 1235 1960 prope
1259 1906 1378 1946 inviis
1397 1905 1566 1947 callibus
1600 1906 1653 1946 ad

333 1965 580 2006 dictatorem
601 1963 883 2020 perfugerunt.
947 1963 1007 2004 Eo
1025 1963 1130 2004 forte
1147 1965 1211 2004 die
1233 1963 1449 2005 Minucius
1483 1963 1522 2004 se
1553 1978 1655 2005 con-

330 2024 525 2080 junxerat
544 2022 688 2072 Fabio,
719 2022 856 2063 miffus
886 2022 936 2062 ad
960 2021 1208 2063 firmandum
1241 2022 1424 2077 praesidio
1446 2029 1470 2075 †
1490 2022 1652 2073 saltum,

337 2096 409 2135 qur
429 2081 547 2136 super
561 2079 847 2130 Tarracinam,
879 2081 919 2120 in
936 2080 1070 2121 aristas
1086 2081 1256 2122 coaetus
1274 2081 1428 2130 fauces,
1464 2081 1655 2122 imminet

337 2139 458 2190 mari,
491 2152 542 2179 ne
566 2139 630 2193 (8)
653 2138 874 2179 immunito
910 2138 1058 2194 Appiae
1090 2139 1221 2180 limite
1251 2139 1407 2180 Poenus
1440 2140 1652 2194 pervenire

336 2197 382 2238 iu
403 2210 548 2253 agrum
564 2197 805 2239 Romanum
819 2197 960 2253 poss'et.
1023 2196 1270 2255 ConjunCtis
1302 2196 1547 2239 exercitibus
1567 2198 1654 2240 dic-

1546 2266 1654 2297 tator

340 2399 371 2424 ct
391 2391 502 2423 similia
515 2391 641 2444 panim.
685 2393 742 2434 (4)
767 2394 802 2424 In
819 2392 955 2435 praesens
971 2392 1103 2434 quidem
1118 2391 1358 2426 subministrare
1370 2400 1500 2437 poterat
1519 2403 1567 2431 ea,
1582 2402 1654 2434 qur:-

335 2438 460 2468 alcndo
491 2434 647 2470 exercitui
677 2438 852 2470 ncceffarIa
871 2446 977 2478 erant,
999 2449 1066 2470 non
1091 2442 1172 2470 vero
1199 2439 1234 2471 in
1259 2447 1367 2471 totum
1399 2449 1546 2471 annum.
1584 2440 1656 2470 sue-

342 2490 420 2513 runt
439 2482 525 2513 cnim
543 2482 588 2514 ibi
605 2497 644 2513 ar
628 2484 724 2522 rlusta
740 2487 880 2526 viwaequc
897 2485 962 2516 &c-
1009 2484 1066 2525 (5)
1091 2483 1250 2522 Flumine,
1275 2495 1405 2526 nempe,
1427 2495 1485 2526 per
1511 2483 1655 2515 mediam

342 2527 457 2558 urbem
476 2527 553 2558 lato.
601 2527 658 2568 (6)
681 2530 795 2572 Qum
811 2540 896 2562 unus
912 2528 1053 2562 fucrite
1039 2543 1075 2560 ex
1097 2530 1179 2561 turba
1205 2530 1270 2561 ἃς.
1293 2532 1334 2561 Ε.
1383 2531 1441 2571 (7)
1463 2531 1602 2560 Exciderc
1623 2532 1656 2560 de

336 2571 474 2603 emmorid
490 2571 573 2605 dixit
588 2571 675 2604 infra
691 2574 709 2603 l.
727 2583 778 2614 29.
804 2585 830 2605 c.
849 2583 898 2616 19.
925 2577 962 2606 E.
1005 2574 1062 2617 (8)
1085 2575 1116 2606 Si
1139 2574 1229 2607 limes
1245 2575 1363 2617 Appiae
1391 2574 1466 2612 viae,
1488 2576 1595 2606 ferens
1611 2574 1654 2605 ab

342 2617 525 2650 ‘Tarracina
579 2617 613 2650 in
650 2619 837 2652 Romanum
884 2630 1011 2663 agrum,
1053 2620 1199 2654 munitus
1251 2619 1402 2663 pra-sidio
1451 2629 1519 2652 non
1569 2618 1655 2651 effer.

1524 2665 1582 2707 (9)
1604 2667 1657 2696 ln-
