1860 3099
377 205 414 246 L
433 206 451 246 Ι
469 205 502 245 Β
522 204 555 244 Ε
574 203 613 244 R
647 203 807 244 XXIII.
842 203 879 244 C
896 203 932 244 A
949 202 995 243 P.
1030 203 1192 246 XVIII.
1593 199 1670 251 Ι185

135 320 260 364 animi
274 322 322 360 ad
344 321 669 376 oppugnandum
686 320 995 368 accenduntur3
1027 326 1052 373 †
1074 321 1214 374 utique
1233 319 1448 374 postquam

136 393 286 422 ,corona
309 394 429 420 aurea
449 385 472 432 ss
489 379 657 418 muralis
679 379 880 432 proposita
903 377 978 428 est,
1009 388 1132 431 atque
1151 379 1232 432 ipse
1265 380 1347 418 dux
1365 378 1449 419 cas-

139 437 241 488 telli,
259 439 380 490 plano
402 439 494 478 loco
516 436 649 492 positi,
689 436 852 491 segnem
888 437 1239 491 oppugnationem
1275 436 1448 491 Sagunti

139 496 486 550 expugnatoribus
517 498 584 547 (4)
605 494 892 549 exprobrabat,
928 495 1167 535 Cannarum
1202 495 1450 534 Trasimeni-

138 567 218 606 que
243 557 282 595 δε
303 555 465 594 Trebiae
495 554 674 608 singulos
715 554 941 593 admonens
982 553 1288 607 universosque.
1348 553 1449 592 Inde

140 611 270 652 vineae
287 626 452 666 quoque
478 623 626 665 coeptae
664 611 729 666 agi
764 611 1027 663 cuniculique
1046 627 1054 651 ε
1106 625 1182 652 nec
1224 612 1275 650 ad
1317 611 1450 651 varios

136 680 310 710 conatus
331 671 511 711 hostium
533 679 602 709 aut
623 670 682 710 vis
706 670 801 718 ulla,
823 679 892 708 aut
917 683 979 709 ars
1011 670 1161 709 deerat.
1223 669 1333 709 Socii
1364 669 1451 708 Ro-

140 742 359 768 manorum
381 729 688 783 propugnacula
710 726 901 767 adversus
934 727 1072 767 vineas
1104 728 1293 776 statuere,
1325 727 1452 766 trans·
1545 737 1550 757 ¹

141 787 262 827 vcrfis
287 787 488 827 cuniculis
513 786 692 825 hostium
710 786 921 826 cuniculos
941 785 1143 840 excipere,
1179 789 1215 827 &
1241 787 1374 840 palam
1412 788 1450 825 Sc

139 846 246 884 clam
268 845 415 899 coeptis
437 843 600 884 obviam
623 845 680 883 ire
704 861 715 892 ς
734 845 864 884 donec
885 845 1017 898 pudor
1031 845 1154 884 etiam
1175 844 1452 884 Hannibalem

143 902 192 942 ab
207 903 372 958 incepto
395 904 538 943 avertit
559 920 569 944 t
593 902 809 956 castrisque
826 908 889 956 (5)
911 903 1190 952 communitis,
1211 918 1255 943 ac
1271 903 1453 956 praesidio
1477 932 1664 963 Hannibalit

139 963 304 1002 modico
325 962 526 1015 impolito,
549 975 598 1000 ne
613 961 751 1000 omiffa
773 975 836 1001 res
858 962 1080 1010 videretur,
1098 961 1140 1000 in
1157 961 1326 1001 hiberna
1348 961 1455 1017 Cap·
1478 979 1605 1019 capuam
1654 978 1683 1007 iu

144 1034 239 1059 uam
257 1020 460 1061 conceffit.
523 1020 584 1060 Ibi
608 1029 765 1073 partem
788 1020 986 1075 majorem
1001 1019 1148 1060 hiemis
1165 1021 1391 1060 exercitum
1414 1022 1456 1059 in
1476 1025 1608 1055 hiberna·

144 1078 265 1119 te6³tis
288 1078 445 1127 habuit,
469 1078 659 1118 adversos
683 1078 823 1117 omnia
844 1078 1025 1118 humana
1048 1079 1154 1119 mala
1175 1079 1278 1132 saepe
1310 1094 1356 1119 ac
1386 1079 1457 1118 diu

143 1138 337 1176 duratum
361 1139 437 1191 (6),
469 1136 588 1176 bonis
610 1137 866 1190 inexpertum
902 1148 1024 1190 atque
1054 1136 1272 1176 insuetum.
1305 1138 1459 1190 itaque,

147 1210 250 1249 quos
271 1196 383 1235 nulla
400 1196 496 1234 mali
515 1196 667 1235 vicerat
688 1195 766 1244 vis,
789 1195 1002 1248 perdidere
1025 1194 1150 1234 nimia
1168 1195 1275 1236 bona
1308 1211 1354 1236 ac
1388 1211 1460 1236 vo-

141 1255 319 1307 luptates
342 1252 604 1302 immodicae3
640 1256 679 1293 ὃς
703 1255 766 1306 (7)
790 1267 838 1292 eo
860 1253 1097 1306 impensius,
1119 1269 1201 1307 quo
1224 1253 1384 1295 avidius
1405 1270 1456 1295 ex
1595 1239 1622 1286 †

146 1312 358 1352 insolentia
379 1313 420 1351 in
442 1326 509 1352 eas
529 1311 567 1350 se
590 1310 824 1350 merserant.
886 1311 1065 1351 Somnus
1087 1313 1212 1363 enim,
1236 1315 1274 1352 &
1302 1314 1460 1362 vinum,

148 1373 190 1411 &
213 1371 358 1424 epulae,
381 1373 421 1411 ὃ(
440 1369 588 1420 scorta,
610 1369 853 1423 balineaque
875 1372 917 1423 (8
932 1375 960 1418 ἔ,
985 1373 1024 1411 &
1049 1370 1201 1421 otium,
1239 1372 1459 1411 consuetu-

146 1428 240 1468 dine
257 1428 298 1468 in
315 1428 400 1468 dies
417 1427 621 1476 blandius,
636 1428 691 1467 ita
705 1437 1002 1467 enervaverunt
1017 1442 1187 1481 corpora
1206 1429 1462 1483 animosque,
1484 1457 1685 1497 corrumpitur

146 1496 192 1526 ut
214 1487 344 1541 magis
365 1486 511 1527 deinde
530 1485 746 1539 praeteritae
787 1485 974 1525 vi&oriae
1005 1499 1091 1536 eos,
1129 1488 1253 1539 quam
1291 1489 1615 1542 praesen-imcqjm
1630 1514 1682 1531 ex-

150 1554 211 1585 tes
230 1553 460 1584 tutarentur
481 1544 615 1592 vire83
649 1543 860 1599 majusque
877 1544 917 1582 id
950 1554 1165 1597 peccatum
1198 1546 1314 1586 ducis
1356 1548 1466 1601 apud
1484 1550 1600 1578 enimn

151 1602 304 1657 peritos
325 1602 476 1642 artium
497 1602 735 1642 militarium
753 1602 986 1651 haberetur,
1009 1604 1133 1656 quarn
1155 1602 1268 1657 quod
1299 1619 1384 1645 non
1414 1619 1465 1645 ex

149 1661 353 1702 Cannensi
376 1661 460 1700 acie
481 1661 669 1714 protinus
692 1661 742 1700 ad
764 1660 908 1700 urbem
951 1661 1186 1701 Romanam
1218 1666 1241 1715 ‡
1278 1664 1464 1704 duxiflet.

149 1720 219 1762 illa
250 1719 361 1759 enim
383 1719 593 1759 cunetatio
615 1719 806 1759 distuliffe
828 1718 954 1759 modo
985 1719 1202 1760 vidtoriam
1233 1721 1362 1761 videri
1394 1737 1468 1776 po·-

149 1777 264 1825 tuit3
296 1777 363 1817 hic
391 1791 503 1818 error
524 1778 629 1818 vires
662 1778 847 1817 ademisse
888 1779 939 1818 ad
978 1778 1241 1819 vincendum.
1305 1780 1466 1835 Itaque,

149 1836 349 1885 Hercule,
365 1838 477 1876 velut
499 1836 524 1875 fi
547 1850 642 1876 cum
660 1836 738 1876 alio
760 1836 942 1876 exercitu
964 1851 985 1875 a
1009 1837 1152 1891 Capu&
1194 1838 1337 1887 exiret,
1365 1839 1469 1880 nihil

149 1893 321 1948 usquam
342 1894 522 1948 pristinae
551 1894 779 1947 disciplinae
800 1901 824 1944 †
851 1894 997 1936 tenuit.
1035 1909 1131 1935 nam
1174 1898 1216 1937 δε
1253 1898 1469 1938 redierunt

151 1953 335 2007 plerique
357 1952 499 1992 scortis
519 1952 706 2007 impliciti
728 1969 737 1992 ε
774 1956 830 2002 &,
864 1953 933 1992 ubi
956 1951 1137 2006 primum
1157 1957 1223 2007 (9)
1248 1954 1320 1995 sub
1352 1957 1469 2010 pelli-

151 2011 230 2065 bus
251 2010 392 2051 haberi
415 2011 544 2066 coepti
565 2010 673 2063 sunt,
694 2010 840 2066 viaque
866 2014 905 2053 &
928 2011 1031 2053 alius
1063 2012 1250 2054 militaris
1271 2014 1385 2054 labor
1400 2029 1470 2055 ex-

1346 2073 1470 2129 cepit,

165 2197 236 2228 tur,
246 2189 381 2222 constat.
409 2189 485 2221 Vid.
504 2190 601 2233 supr}
618 2190 638 2221 l.
657 2201 707 2222 21.
734 2203 762 2224 c.
787 2191 843 2231 56.
889 2192 945 2233 (4)
968 2193 1082 2235 Segnem
1104 2192 1215 2231 castdli
1240 2196 1469 2236 oppugnatt‘onem

153 2236 344 2277 exprobrabat
358 2239 596 2277 expugnatoribus
613 2238 776 2278 Saguntini,
792 2245 828 2268 ut
844 2236 932 2268 infr&
961 2249 989 2270 c.
1010 2248 1064 2277 45·
1090 2240 1152 2269 haec
1179 2243 1369 2279 exprobrando
1391 2240 1472 2279 hosti

158 2282 324 2311 JVImcellus
340 2296 349 2313 .-
387 2280 444 2312 ubi
474 2281 663 2312 Gronovius
685 2282 758 2313 vult
780 2284 973 2325 exprobrando
988 2287 1028 2313 'in
1059 2285 1166 2326 hqstmz,
1192 2285 1472 2324 quemadmodum

156 2326 255 2367 supr&
269 2326 288 2355 l.
317 2336 342 2357 1.
367 2337 396 2358 C.
422 2336 478 2364 51.
505 2328 576 2356 Haec
605 2330 741 2358 Aricinus
752 2330 780 2358 in
797 2341 887 2370 regem
904 2331 1061 2359 Romanum
1077 2332 1234 2371 increpans.
1279 2330 1336 2360 Nil
1361 2338 1472 2361 autem

158 2371 357 2402 mutandum
374 2382 413 2402 ex
430 2372 492 2403 hoc
506 2372 580 2403 loco
590 2379 691 2413 patet.
707 2374 746 2403 E.
796 2375 853 2412 (5)
866 2373 945 2404 Vid.
963 2382 1031 2404 not.
1047 2384 1077 2405 2.
1093 2375 1134 2405 ad
1149 2385 1176 2406 c·
1198 2375 1249 2414 38.
1265 2374 1289 2407 l.
1316 2385 1349 2414 3.
1361 2376 1468 2417 supra.

156 2416 214 2457 (6)
231 2416 338 2458 ὃυρῐέ.
354 2417 377 2448 I.
406 2426 436 2456 7.
463 2428 488 2448 c.
517 2426 571 2457 29.
597 2419 632 2447 ab
644 2420 755 2448 duratis
770 2420 818 2458 qsu
829 2432 984 2449 armorum.
1009 2419 1096 2449 infra
1124 2420 1143 2450 l.
1170 2430 1222 2459 30.
1246 2431 1276 2451 c.
1305 2421 1360 2453 28.
1390 2434 1473 2451 exer·

156 2465 242 2492 citum
268 2485 276 2492 .
300 2484 310 2492 .
338 2486 345 2493 .
369 2465 500 2492 duratum
513 2465 630 2493 omnium
649 2476 742 2493 rerum
761 2464 914 2505 patientij.
959 2465 1027 2494 Alii
1049 2473 1159 2495 autem
1170 2464 1224 2497 hic
1241 2466 1352 2508 legunt
1368 2469 1473 2497 duran-

158 2515 227 2538 tem.
253 2508 310 2548 (7)
327 2510 375 2538 Eo
391 2508 515 2549 majore
532 2507 566 2538 vi
583 2508 630 2538 hae
654 2508 776 2539 deliciae
790 2511 905 2540 Poeuos
921 2509 1107 2550 perdidere,
1122 2521 1188 2551 quo
1205 2511 1344 2549 avidius,
1356 2520 1473 2554 utpote

159 2563 274 2584 earum
291 2552 478 2589 insolentes,
495 2554 555 2584 &c.
586 2555 692 2594 Supra
705 2555 728 2586 l.
749 2564 778 2585 1.
796 2565 822 2585 c.
833 2563 884 2592 40.
899 2562 958 2585 tum
984 2557 1131 2596 impenfibs
1163 2558 1207 2586 his
1230 2560 1380 2599 indignitas
1413 2570 1472 2588 cre-

151 2600 242 2641 scere.
267 2598 288 2628 l·
312 2609 346 2636 4.
378 2610 404 2630 c.
437 2598 488 2636 46.
513 2603 670 2629 certamina
697 2624 704 2631 .
731 2625 738 2631 .
768 2625 774 2632 .
801 2599 891 2630 multo
916 2594 1109 2644 intpetfihs'in
1127 2602 1228 2641 castris
1239 2606 1359 2634 accendi.
1418 2603 1475 2643 (8)

160 2644 312 2674 Balineum
343 2644 462 2685 potius,
485 2648 584 2685 quam
617 2646 744 2675 balneum
775 2645 911 2686 optimae
929 2654 1017 2676 notae
1036 2646 1166 2678 codices
1184 2647 1326 2680 scribere
1344 2649 1472 2686 solent;

161 2695 303 2729 utraque
316 2691 397 2720 vero
409 2689 572 2730 scriptura
587 2689 622 2720 in
635 2691 856 2721 marmoribus
873 2689 1009 2722 literatis
1029 2692 1129 2723 obvia
1151 2693 1206 2724 est.
1254 2693 1310 2734 (9)
1340 2696 1428 2724 Infra
1454 2694 1475 2725 l.

161 2741 222 2773 37·
245 2745 275 2766 c.
301 2744 357 2777 39.
375 2735 489 2775 Instare
503 2737 629 2768 hiemem.
643 2743 694 2767 aut
694 2737 751 2778 stab
757 2738 880 2779 pellibus
897 2737 1028 2775 habendos
1049 2740 1152 2770 milites
1164 2741 1248 2780 fore,
1271 2747 1321 2770 aut
1337 2740 1398 2771 ἃς.
1417 2742 1476 2771 Su-

1414 2788 1477 2828 pra
