1834 3099
361 176 594 220 LlBER
642 176 1029 219 XXV11.CAP‚
1078 177 1126 219 L.

69 298 150 338 rat,
181 291 265 332 dux
288 307 418 347 quum
434 294 543 350 saepe
559 293 656 335 alias
680 294 974 344 memorabilis,
1007 305 1097 336 tum
1113 295 1178 336 illa
1197 295 1403 352 praecipue

72 351 225 404 pugna.
288 352 361 392 Ille
398 363 629 409 pugnantes
668 354 889 403 hortando,
939 355 1172 410 pariterque
1210 355 1403 398 obeundo

71 408 270 461 pericula,
302 410 518 452 sustinuit:
551 413 617 452 ille
653 411 771 452 feffos
795 412 1101 468 abnuentesque
1126 414 1247 454 taedio
1283 416 1318 454 8<
1345 416 1403 455 la-

71 465 186 516 bore,
238 483 349 510 nunc
391 472 613 523 precandO,
661 485 770 511 nunc
804 471 1054 525 castigando,
1088 473 1301 512 accendit:
1334 473 1400 514 ille

71 523 279 577 fugientes
317 529 535 580 revocavit,
588 529 854 584 omiffamque
895 545 1078 584 pugnam
1112 531 1267 585 aliquot
1300 532 1400 572 locis

70 583 258 626 restituit.
285 586 511 641 postremo,
543 602 673 642 quum
707 587 819 628 haud
855 589 978 631 dubie
1015 589 1181 629 fortuna
1220 589 1399 629 hostium

70 643 180 692 efi'et,
214 659 264 685 ne
300 646 515 701 superesset
547 657 661 687 tanto
690 647 889 687 exercitui
913 647 1030 686 suum
1054 662 1206 687 nomen
1244 647 1399 697 secuto,

71 702 277 744 concitato
300 719 407 759 equo
431 705 469 745 se
506 705 549 744 in
572 705 784 746 cohortem
813 708 1042 745 Romanam
1076 706 1255 746 immisit.
1319 706 1398 756 Ibi,

70 771 115 800 ut
139 773 251 815 patre
268 764 502 804 Hamilcare
522 765 561 804 &
585 764 819 804 Hannibale
844 764 967 804 fratre
983 765 1155 819 dignum
1173 774 1272 813 erat,
1295 779 1400 819 pug-

72 833 174 860 nans
210 822 372 862 cecidit.
437 823 664 877 Nunquam
688 837 737 863 eo
759 822 866 863 bello
892 825 972 863 una
1009 824 1093 863 acie
1123 832 1284 863 tantum
1308 823 1401 864 hos-

69 878 174 918 tium
198 880 461 921 interfeEtum
484 881 557 931 est,
593 882 857 935 {iredditaque
879 897 996 936 :equa
1021 881 1223 923 Cannenfi
1247 883 1400 931 clades,

69 939 134 977 vel
167 939 298 988 ducis,
329 941 393 980 vel
429 939 635 981 exercitus
673 941 856 989 interitu,
889 941 1115 981 videbatur.
1179 943 1240 996 (1)
1262 941 1400 996 Quin-

69 997 264 1051 quaginta
286 997 355 1039 scx
378 998 505 1038 millia
519 999 698 1040 hostium
722 999 852 1039 occisa
873 1015 881 1039 t
912 1010 1030 1054 capta
1065 999 1248 1054 quinque
1272 1000 1398 1040 millia

70 1059 107 1094 ἃ
137 1056 455 1113 quadringenti:
487 1059 624 1112 praeda
657 1059 733 1099 alia
756 1073 904 1113 magna
928 1070 1017 1098 tum
1053 1058 1188 1099 omnis
1222 1059 1398 1113 generis,

69 1123 159 1154 tum
182 1116 271 1156 auri
293 1117 416 1156 etiam
434 1118 689 1173 argentique.
753 1117 918 1157 Civium
947 1118 1072 1157 etiam
1093 1117 1400 1167 Romanorum,

68 1173 141 1227 qui
162 1175 270 1229 capti
288 1177 396 1229 apud
418 1175 552 1216 hostes
569 1187 701 1226 erant,
735 1177 852 1231 supra
868 1187 1045 1230 quatuor
1068 1176 1193 1217 millia
1216 1177 1399 1230 capitum

70 1244 248 1287 recepta.
286 1234 327 1273 id
367 1234 496 1274 solatii
532 1235 612 1275 fuit
648 1250 722 1290 pro
757 1235 904 1276 amiffis
941 1250 990 1275 eo
1013 1235 1160 1290 proelio
1183 1235 1394 1276 militibus.

69 1291 181 1331 Nam
202 1292 525 1348 haudquaquam
560 1295 775 1335 incruenta
798 1294 970 1335 vietoria
1002 1294 1108 1334 fuit:
1139 1294 1237 1335 οᾶο
1268 1293 1398 1334 ferme

69 1351 197 1391 millia
221 1352 510 1392 Romanorum
535 1353 821 1408 sociorumque
844 1353 988 1393 occisa.
1057 1350 1397 1407 Adeoqueetiam

68 1409 247 1451 νίἑῖοῑεε
287 1411 494 1466 sanguinis
517 1412 719 1466 caedisque
752 1424 915 1466 ceperat
950 1412 1125 1460 satietas,
1159 1423 1202 1451 ut
1237 1411 1399 1465 postero

69 1468 151 1519 die,
184 1484 313 1524 quum
341 1471 436 1510 effet
467 1471 710 1511 nunciatum
747 1471 866 1511 Livio
896 1470 1067 1520 consuli,
1101 1471 1247 1511 Gallos
1271 1470 1400 1512 Cisal-

67 1527 188 1580 pinos
224 1529 496 1584 Liguresque,
543 1531 614 1584 qui
657 1541 727 1570 aut
769 1530 916 1584 proelio
952 1544 1036 1573 non
1065 1528 1296 1579 adfuiffent,
1329 1538 1399 1568 aut

70 1586 177 1627 inter
210 1589 367 1629 caedem
404 1589 650 1644 effugiffent,
699 1604 782 1629 uno
822 1589 986 1644 agmine
1023 1588 1132 1628 abire
1171 1588 1250 1628 fine
1285 1598 1398 1629 certo

70 1646 191 1698 duce,
224 1647 303 1687 fine
342 1647 477 1704 lignis,
507 1649 587 1689 fine
621 1649 765 1690 ordine
803 1650 902 1697 ullo,
935 1657 1006 1689 aut
1036 1647 1240 1701 imperi03
1274 1646 1398 1701 poffe,

69 1704 95 1743 sl
112 1720 192 1746 una
215 1707 403 1761 equitum
424 1709 486 1748 ala
509 1707 714 1759 mittatur,
735 1721 879 1748 omnes
901 1707 1043 1755 deleri;
1064 1705 1400 1762 Supetfint,(2)in·

70 1764 176 1818 quit,
207 1765 327 1821 aliqui
347 1768 490 1816 nuncii,
526 1768 579 1810 ἐς·
598 1766 749 1823 hostium
769 1767 902 1818 cladis,
938 1766 992 1810 Εἴ
1005 1766 1138 1823 nostrae
1155 1766 1327 1806 virtutis.

128 1823 178 1865 L.
211 1824 328 1866 Nero
349 1826 396 1866 ea
424 1825 564 1876 ῃοξὶε,
598 1841 691 1881 quae
713 1826 848 1866 secuta
881 1825 938 1866 est
966 1839 1165 1881 pugnam,
1196 1823 1398 1874 citatiore,

70 1881 197 1937 quam
215 1883 309 1924 inde
332 1895 512 1934 venerat,
543 1886 724 1941 agmine,
756 1886 821 1925 die
844 1885 959 1925 sexto
975 1885 1025 1924 ad
1059 1883 1196 1923 stativa
1222 1882 1306 1934 sua,
1340 1892 1399 1921 at-

71 1955 152 1995 que
184 1943 234 1982 ad
270 1941 431 1983 hostem
460 1944 658 1999 pervenit.
726 1944 808 1984 Iter
828 1945 918 1998 ejus
952 1941 1182 1996 frequentia
1225 1941 1400 1989 minore,

70 2000 166 2055 quia
187 2005 310 2043 nem'o
333 2003 590 2055 praecefferat
612 2002 805 2051 nuncius,
836 2001 976 2042 laetitia
993 1999 1091 2040 vero
1110 2000 1235 2048 tanta,
1254 2003 1316 2054 (1)
1334 1999 1400 2038 vix

71 2069 118 2100 ut
132 2070 347 2114 compotes
370 2062 570 2101 mentium
594 2075 678 2115 prae
709 2060 861 2116 gaudio
881 2061 1023 2111 effent,
1055 2058 1305 2099 celebratum
1329 2057 1400 2098 est.

70 2118 183 2159 Nam
206 2119 356 2160 Romae
378 2132 524 2160 neuter
545 2119 671 2160 animi
701 2119 864 2160 habitus
899 2118 992 2159 satis
1024 2118 1105 2158 dici
1138 2116 1401 2170 enarrarique

71 2178 235 2232 potest;
278 2192 354 2219 nec
397 2193 481 2234 quo
510 2179 666 2219 incerta
704 2178 1008 2233 exspectatione
1050 2175 1222 2217 eventus
1258 2175 1401 2217 civitas

73 2237 225 2288 fuerat,
257 2251 332 2278 nec
370 2253 453 2292 quo
475 2237 659 2279 vietoriae
680 2237 835 2278 famam
857 2237 1026 2292 accepit.
1087 2239 1149 2292 (2)
1170 2234 1399 2289 Nunquam

131 2297 253 2338 ToM.
274 2297 350 2339 IV.
760 2297 796 2338 L
1327 2307 1400 2349 per

120 2419 160 2450 C.
181 2426 238 2458 49.
255 2416 312 2459 (ι)
336 2414 403 2448 Hic
429 2418 568 2448 immane
591 2423 754 2458 quantum
774 2427 793 2447 a
809 2415 841 2447 se
865 2414 1010 2448 invicem
1037 2412 1208 2446 divertunt
1230 2411 1348 2444 Livius
1367 2413 1402 2444 &-

71 2462 245 2508 Polybius.
291 2462 445 2494 Hostium
459 2464 572 2494 decem
589 2462 704 2500 millia,
727 2463 794 2493 duo
811 2463 1043 2492 Romanorum
1059 2459 1093 2491 in
1110 2458 1171 2491 hae
1188 2458 1299 2501 pugna*
1316 2458 1400 2490 ceci-

73 2509 153 2542 diffe
165 2515 328 2542 memorat
341 2508 459 2552 Polyb.
478 2509 572 2540 l.'11.
591 2519 620 2540 c.
633 2518 665 2548 3.
704 2509 760 2550 (2)
783 2506 972 2550 Longitudo
986 2505 1114 2549 periodi
1131 2505 1265 2536 videtur
1282 2503 1401 2542 feciffe,

74 2565 142 2597 quo
157 2555 267 2587 minus
281 2553 560 2587 animadverteret
573 2555 760 2597 praecedere
772 2561 803 2584 ut
812 2569 823 2589 ;
850 2561 882 2584 ut
898 2553 1011 2598 pqstero
1027 2555 1084 2584 die.
1130 2550 1240 2582 Simile
1258 2551 1327 2582 fere
1344 2560 1398 2581 ex-

74 2601 222 2644 emplum
236 2599 378 2643 reperies
391 2601 481 2644 apud
493 2599 563 2632 Cic·
577 2601 601 2632 l.
620 2610 654 2634 2.
673 2600 712 2631 de
725 2601 853 2632 Orat.c.
871 2598 900 2630 6.

119 2650 159 2680 C.
173 2657 230 2687 50.
248 2648 306 2689 (1)
329 2648 435 2690 Supra
449 2648 470 2679 l.
489 2658 522 2685 4.
539 2657 569 2679 e.
591 2656 642 2685 40.
662 2649 718 2678 ‘vix
733 2653 803 2689 prae
815 2647 922 2688 gaudio
937 2652 1080 2688 compotes.
1125 2642 1184 2685 (2)
1208 2640 1336 2674 Miram
1351 2641 1399 2674 se·-

72 2693 204 2734 quentis
227 2692 460 2736 descriptionis
487 2706 634 2738 ενιιςγειων
655 2703 765 2731 nemo,
788 2691 841 2724 cui
867 2692 968 2724 modo
985 2690 1094 2723 sensus
1120 2688 1212 2729 inest,
1234 2699 1303 2720 non
1327 2687 1398 2737 sen-

1327 2740 1399 2764 tiet.

1418 964 1436 993 5
1443 953 1532 985 6000
1543 968 1556 985 e
1565 956 1628 985 Pe-

1417 1003 1461 1031 nis
1477 1002 1545 1043 cesi.

1418 1327 1608 1360 Romanorum

1421 1371 1522 1405 8000.

1419 1833 1502 1864 Nero
1517 1835 1556 1863 ad
1568 1846 1619 1863 ex-

1417 1882 1532 1910 ercitum
1548 1882 1628 1909 redit.
