1834 3099
453 101 686 145 LIBER
733 103 892 147 XXIX.
928 105 1086 150 CAP.
1121 104 1178 148 V.

154 213 399 272 legationes,
433 220 613 277 aliosque
648 224 829 280 regulos,
861 222 1078 280 firmandae
1114 221 1318 266 societatis
1355 220 1493 275 causss,

155 287 320 330 coeptae.
386 280 450 320 Ad
474 281 717 337 Philippum
755 296 922 337 quoque
958 283 1076 333 missi,
1109 283 1180 338 qui
1213 284 1393 325 ducenta
1428 297 1492 323 ar-

154 335 270 388 genti
293 337 444 379 talenta
477 341 785 394 pollicerentur,
816 352 861 381 ut
886 341 928 380 in
955 341 1137 383 Siciliam
1161 351 1231 383 aut
1253 341 1294 381 in
1326 341 1489 382 Italiam

154 394 373 449 trajiceret.
438 398 548 440 Missi
575 403 613 441 δε
654 401 703 441 ad
740 401 844 440 duos
868 401 1136 454 imperatores
1166 401 1208 441 in
1230 401 1408 451 Italiam,
1441 409 1490 441 ut

154 453 269 493 omni
304 464 461 498 terrore
495 459 734 514 Scipionem
771 459 1022 501 retinerent:
1054 461 1104 501 ad
1141 461 1367 516 Magonem
1402 473 1489 500 non

150 511 277 567 legati
309 513 451 565 modo,
485 516 551 559 sed
575 517 719 574 viginti
742 518 926 573 quinque
949 533 1072 560 naves
1093 520 1242 575 longae,
1277 518 1340 558 sex
1361 518 1488 560 millia

151 571 358 625 peditum,
403 575 634 632 offiingenti
668 577 843 631 equites,
877 577 1031 632 septem
1061 577 1287 634 elephanti,
1320 577 1371 618 ad
1407 576 1488 619 hoc

151 642 303 693 magna
324 635 500 687 pecunia
523 637 572 676 ad
595 637 864 677 conducenda
879 637 1046 688 auxilia,
1078 637 1228 692 quibus
1245 635 1376 677 fretus
1394 638 1490 690 pro-

151 692 249 743 p1us
284 692 428 734 urbem
452 695 689 736 Romanam
725 696 954 735 exercitum
975 699 1229 746 admoveret,
1260 696 1490 751 conjunge-

151 758 298 804 retque
330 751 370 792 se
405 752 647 795 Hannibali.
707 754 812 795 Haec
835 754 1091 811 Karthagine
1123 755 1321 810 parabant
1360 754 1490 809 agita-

150 805 348 864 bantque.
413 813 481 853 Ad
504 813 682 854 Laelium
715 814 874 868 praedas
912 814 1100 870 ingentes
1136 827 1186 854 ex
1218 827 1317 870 agro
1339 812 1488 854 inermi

149 880 198 907 ac
241 871 355 910 nudo
396 871 590 926 praesidiis
631 884 822 928 agentern
858 873 1079 924 Masinissa,
1129 871 1241 914 fama
1282 872 1489 913 Romanae

150 927 280 968 classis
311 930 488 982 excitus,
521 945 617 972 cum
652 931 862 986 equitibus
899 933 1040 988 paucis
1071 932 1197 973 venit.
1258 931 1297 973 Is
1316 931 1489 987 segniter

149 1001 230 1026 rem
251 990 317 1043 agi
335 990 382 1029 ab
405 990 573 1044 Scipione
594 991 780 1046 questus,
813 990 915 1046 qubd
932 1001 1013 1032 tum
1037 1007 1107 1032 non
1115 993 1205 1047 jam
1221 991 1423 1031 exercitum
1445 991 1487 1029 in

150 1046 331 1101 Africam
358 1051 569 1107 trajecgffi’t‚
597 1049 773 1106 perc1tffis
796 1049 1189 1107 Karthaginierfibus,
1225 1048 1384 1106 Syphace
1412 1050 1487 1089 im-

143 1104 268 1157 pedito
294 1106 480 1162 finitimis
515 1110 633 1159 bellis,
664 1126 772 1164 quem
794 1112 980 1150 incertum
1008 1110 1146 1150 haerere
1161 1132 1173 1156 ,·
1191 1107 1235 1165 st
1240 1110 1414 1165 spatium
1435 1107 1490 1161 ad

137 1165 232 1217 sua,
265 1174 307 1206 ut
338 1168 447 1219 velit,
478 1170 721 1223 componenda
742 1169 869 1220 detur,
903 1169 1001 1210 nihil
1014 1169 1172 1225 sincerzi
1180 1167 1266 1223 fide
1298 1183 1381 1208 cum
1404 1167 1486 1208 Ro-

151 1225 276 1264 manis
308 1229 501 1267 afim-mn.
566 1228 824 1279 Hortaretur,
856 1245 900 1268 ac
912 1229 1140 1286 stimularet
1173 1227 1393 1282 Scipionem,
1441 1240 1487 1267 ne

153 1286 171 1333 ll
198 1285 358 1341 ceffiret.
424 1286 486 1336 Se,
518 1303 735 1343 quanquam
759 1304 871 1344 regno
888 1288 1021 1343 pulfits
1049 1288 1142 1345 effi’t,
1173 1302 1258 1327 cum
1279 1285 1385 1326 haud
1401 1300 1487 1326 con-

147 1344 357 1385 temnendis
379 1347 490 1399 copiis
525 1346 755 1403 adfuturum
784 1347 954 1402 peditum
989 1349 1240 1402 equitumque.
1305 1345 1388 1386 .Nec
1423 1343 1491 1401 ipsi

150 1399 269 1443 Laelio
303 1403 527 1445 morandum
563 1407 603 1445 in
624 1407 771 1461 Africti
790 1406 1039 1463 effl.clc1ffi²m
1060 1406 1208 1447 credere
1230 1405 1437 1462 profeflam
1463 1420 1488 1443 a

151 1459 413 1518 Karthagine,
444 1480 529 1504 cum
549 1466 645 1520 qud,
676 1465 818 1521 absente
841 1466 1020 1520 Scipione,
1052 1481 1122 1507 non
1143 1466 1247 1521 satis
1265 1472 1391 1504 tutum
1427 1463 1491 1522 ff

150 1521 324 1561 contrahi
338 1531 541 1564 certamen.

211 1581 269 1622 V.
302 1581 370 1622 Ab
392 1581 472 1623 hoc
499 1582 685 1624 sermone
707 1582 866 1624 dimiss‘o
899 1581 1119 1634 Mafiniffi,
1152 1582 1305 1624 Laelius
1326 1581 1490 1637 postero

152 1640 218 1682 die
241 1654 364 1682 naves
398 1642 536 1696 praedfi
558 1641 724 1684 onustas
761 1642 811 1683 ab
831 1641 1028 1698 Hippone
1053 1642 1185 1693 solvit,
1219 1641 1490 1695 revectusque

152 1701 196 1741 in
218 1699 401 1742 Siciliam
425 1703 617 1742 mandata
645 1701 861 1742 Masmissae
887 1701 1072 1757 Scipioni
1096 1706 1118 1755 ss
1139 1701 1340 1757 exposuit.
1404 1699 1492 1742 Eis-

152 1760 250 1801 dem
272 1760 404 1801 ferme
435 1761 580 1802 diebus
615 1775 754 1812 naves,
787 1775 880 1816 quae
910 1760 959 1801 ab
981 1760 1237 1816 Karthagine
1261 1763 1309 1801 ad
1340 1759 1490 1815 Mago-

153 1833 251 1860 nem
282 1819 406 1861 miffie
442 1831 574 1870 erant,
606 1819 714 1861 inter
738 1821 1027 1876 Albingaunos
1060 1821 1236 1876 Ligures
1272 1819 1490 1860 Genuam-

124 1915 127 1918 ,
154 1892 235 1932 que
254 1880 317 1934 (ι)
338 1879 602 1920 accefferunt.
666 1880 714 1920 In
737 1879 786 1922 iis
803 1880 904 1920 locis
926 1890 1016 1920 tum
1035 1878 1142 1920 forte
1166 1878 1295 1934 Mago
1325 1877 1492 1918 tenebat

153 1938 346 1979 classem:
379 1938 467 1993 qui,
499 1939 730 1994 legatorum
765 1938 915 1979 auditis
936 1937 1085 1987 verbis,
1114 1937 1353 1994 jubentium
1376 1950 1493 1977 exer-

153 1997 262 2038 citus
288 1995 414 2051 quam
445 1999 646 2038 maximos
667 2011 922 2052 comparare,
954 1998 1166 2052 extemplo
1202 1996 1423 2037 Gallorum
1447 1997 1490 2037 δι

154 2056 361 2111 Ligurum
383 2058 582 2110 (namque
617 2056 828 2110 utriusque
864 2055 999 2112 gentis
1019 2056 1165 2112 ingens
1187 2055 1243 2096 ibi
1265 2054 1490 2096 multitudo

155 2117 261 2170 erat)
279 2115 502 2156 concilium
536 2114 695 2157 habuit.
717 2114 770 2157 Εἴ
791 2115 990 2172 mffanst’
1008 2115 1061 2155 ad
1083 2131 1139 2155 eos
1175 2114 1419 2155 vindicandos
1442 2116 1489 2167 'in

139 2233 245 2290 fidia
262 2255 276 2280 ,·
296 2233 381 2288 sed,
414 2235 568 2288 quantis
602 2233 766 2283 viribus,
798 2242 936 2288 quanto
971 2234 1138 2274 exercitu
1159 2233 1201 2273 id
1219 2233 1351 2274 bellum
1375 2249 1492 2288 gera·

157 2301 239 2342 tur,
272 2293 311 2332 in
331 2307 455 2332 eorum
470 2292 642 2349 potestate
662 2292 737 2349 ff’.
800 2293 910 2333 Duos
930 2293 1115 2333 exercitus
1138 2292 1341 2342 Romanos,
1373 2308 1492 2333 unum

156 2353 197 2391 in
219 2350 368 2400 Gallia,
400 2351 562 2392 alterum
576 2352 616 2391 in
638 2350 815 2392 Etrurid
835 2353 911 2409 effi.
929 2351 1033 2407 satis
1034 2351 1151 2408 scire,
1185 2351 1248 2407 Sp.
1267 2351 1492 2392 Lucretium

220 2411 339 2452 ΤοΜ.
363 2409 440 2450 1V.
861 2410 906 2467 Q
1445 2411 1494 2467 st

206 2530 291 2569 C.5.
310 2528 367 2571 (ί)
382 2531 524 2567 Locum,
560 2531 628 2571 quo
655 2527 869 2566 accesserunt,
907 2527 1000 2561 fuisse
1030 2529 1204 2569 Savonem,
1242 2528 1416 2562 verisimile
1440 2528 1495 2561 est.

161 2574 210 2609 ibi
230 2577 410 2617 Magonem
424 2578 538 2610 decem
552 2587 653 2608 nave³
670 2576 704 2608 in
719 2576 855 2609 statione
871 2574 1036 2618 reliquisse
1053 2577 1153 2610 tradit
1166 2577 1281 2612 Livius
1293 2575 1390 2620 supra
1403 2576 1424 2606 l.
1441 2574 1496 2652 a}

1392 2632 1423 2654 c.
1441 2631 1460 2659 4
1487 2643 1496 2653 .

1510 2049 1655 2094 Magonis

1507 2109 1568 2128 cum
1586 2094 1711 2140 Liguri·

154 2175 381 2222 ‘menatem’
414 2174 486 2223 ait,
524 2173 590 2224 Εἴ»
623 2182 665 2214 ut
693 2173 763 2230 iffi
780 2183 951 2224 cernant,
984 2175 1087 2214 mitti
1099 2173 1178 2230 fibi
1197 2175 1243 2214 ab
1263 2174 1365 2215 domo
1390 2184 1490 2229 prae-
1507 2145 1723 2233 223}waoe
