1834 3099
386 135 617 178 LIBER
667 135 829 178 XXIX.
882 136 1038 180 CAP.
1085 135 1248 180 XXIX.
1621 147 1704 195 257

128 249 326 292 'nobilem
340 252 558 309 juvenem)
580 254 836 297 occiderunt.
896 255 1036 311 Scipio
1077 269 1159 296 non
1193 268 1312 311 agros
1348 253 1477 296 mod&

143 308 253 352 circa
274 311 460 364 vastavit,
493 313 560 355 sed
584 313 727 355 urbem
749 314 875 355 etiam
904 315 1135 370 proximam
1159 314 1361 355 Afrorum
1383 314 1478 356 satis

141 372 381 424 opulentam
415 373 536 427 cepit.
572 373 642 416 ubi
678 383 826 428 praeter
860 385 1009 424 cetera,
1055 388 1148 428 quae
1180 374 1391 429 externplo
1431 373 1476 414 in

139 443 264 470 naves
285 431 492 473 onerarias
510 432 713 486 impolita,
746 432 938 486 miffaque
957 433 1000 472 in
1014 432 1197 473 Siciliam
1215 443 1345 484 erant,
1376 431 1474 473 οᾶο

140 489 268 529 millia
306 489 530 531 liberorum
550 490 841 545 servorumque
868 492 1050 546 capitum
1074 491 1167 532 sunt
1188 501 1321 546 capta.
1382 490 1476 533 Lae-

139 548 311 589 tiffimus
341 558 480 589 tamen
513 549 715 590 Romanis
737 550 779 589 in
802 550 1005 606 principio
1040 564 1177 590 rerum
1200 550 1474 605 gerendarum

137 609 338 649 adventus
374 607 455 648 fuit
493 608 721 649 Mafiniffae.
779 623 904 663 quem
940 609 1109 663 quidam
1151 623 1246 649 cum
1284 609 1473 650 ducentis
1492 627 1647 671 Msfimffi,
1663 630 1704 658 aa

135 664 248 708 haud
290 667 468 722 ampliuS
505 667 729 721 equitibus,
763 668 947 722 plerique
990 682 1085 708 cum
1123 665 1254 708 duum
1296 668 1473 708 millium
1490 675 1690 705 Rcmaaosve-

135 726 324 780 equitatu
339 726 506 767 tradunt
527 726 686 766 veniffe.
750 725 949 767 Ceterum
973 741 1101 780 quum
1128 725 1250 781 longe
1269 727 1473 768 maximus
1489 723 1546 752 '¹¹³’

133 785 324 826 omnium
357 784 486 825 aetatis
523 784 603 825 suae
625 799 772 841 regum
803 785 871 826 hic
894 785 1035 836 fuerit,
1059 785 1368 839 plurimumque
1386 799 1476 826 rem

136 843 371 885 Romanam
383 843 554 899 juverit,
569 857 704 898 operae
719 844 899 899 pretium
913 845 1074 885 videtur
1090 845 1478 899 excedere(1)paul-

135 903 270 945 lulum
307 904 357 943 ad
391 904 682 954 enarrandum,
715 901 842 958 quam
878 904 989 944 varia
1024 903 1191 945 fortuna
1224 903 1319 943 usus
1350 904 1397 944 s1t
1431 904 1475 944 in

134 962 364 1003 amittendo
382 962 749 1017 recuperandoque
772 973 943 1017 paterno
966 977 1107 1018 regno.
1171 962 1376 1003 Militanti
1398 977 1474 1018 pro

134 1020 544 1077 Karthaginiensibus
577 1021 619 1060 in
656 1021 856 1076 Hispania
889 1032 1004 1077 pater
1042 1022 1079 1062 ei
1119 1021 1321 1062 moritur:
1354 1021 1473 1063 Galae
1491 1047 1656 1092 Mffniff‘

135 1094 289 1121 nomen
312 1090 411 1120 erat.
474 1079 672 1135 Regnum
704 1082 755 1121 ad
788 1080 957 1122 fratrem
991 1081 1098 1135 regis
1123 1081 1348 1130 OEsalcem,
1381 1095 1473 1136 per·
1491 1097 1691 1135 variafcrtv-

135 1140 336 1195 grandem
360 1148 474 1188 natu,
508 1141 615 1193 (mos
636 1139 690 1179 ita
713 1143 775 1195 (2)
797 1141 906 1194 apud
927 1140 1134 1180 Numidas
1162 1140 1238 1193 est)
1254 1140 1470 1195 “pervenit
1489 1150 1544 1171 Μ·

134 1198 245 1239 haud
270 1198 402 1238 multo
424 1196 531 1252 post,
564 1197 730 1239 OEsalce
749 1213 914 1254 quoque
938 1210 1118 1248 mortuo,
1150 1200 1281 1256 major
1302 1213 1351 1239 ex
1368 1200 1474 1240 duo-

134 1257 212 1299 bus
234 1256 329 1297 filiis
351 1258 440 1313 ejus
472 1256 647 1312 Capusa‚
680 1272 811 1313 puero
832 1259 1058 1299 admodum
1079 1259 1220 1307 altero,
1253 1268 1473 1313 paternum

136 1316 358 1371 imperium
401 1316 573 1371 accepit.
637 1316 837 1358 Ceterum
870 1332 1000 1372 quum
1036 1317 1165 1373 magis
1193 1317 1287 1372 jure
1321 1317 1473 1373 gentis,

134 1373 262 1431 quam
282 1380 307 1428 †
328 1374 575 1416 auctoritate
598 1375 704 1416 inter
739 1376 831 1417 suos
862 1387 935 1417 aut
957 1376 1128 1428 viribus,
1159 1375 1363 1416 obtineret
1383 1390 1476 1432 reg-

133 1449 267 1483 num;
304 1439 319 1485 Η
346 1433 499 1475 exstitit
515 1434 700 1489 quidam,
734 1436 972 1477 Mezetulus
994 1435 1178 1485 nomine,
1210 1449 1294 1476 non
1317 1435 1475 1477 alienus

134 1493 332 1550 sanguine
365 1492 546 1548 regibus,
579 1492 746 1534 familiae
784 1495 942 1549 semper
963 1495 1156 1544 inimicae,
1189 1508 1234 1535 ac
1257 1495 1308 1535 de
1344 1494 1477 1549 impe-

137 1553 199 1594 rio
228 1553 338 1592 varia
361 1551 527 1592 fortuna
545 1566 641 1593 cum
665 1553 730 1603 iis,
761 1553 833 1608 qui
856 1564 945 1594 tum
979 1552 1235 1602 obtinebant,
1267 1553 1475 1595 certantis.

139 1613 194 1661 Is,
227 1611 446 1653 concitatis
481 1611 764 1666 popularibus,
797 1612 907 1667 apud
944 1626 1064 1667 quos,
1094 1612 1292 1667 †invidia
1313 1626 1475 1668 regum,

140 1685 302 1727 magnae
338 1669 598 1711 auc‘toritatis
634 1681 738 1721 erat,
771 1671 911 1712 castris
947 1672 1082 1727 palam
1123 1671 1277 1726 politis,
1308 1671 1477 1712 descen-

137 1731 235 1771 dere
257 1743 396 1785 regem
421 1730 460 1769 in
491 1730 638 1782 aciem,
668 1745 715 1771 ac
737 1730 932 1772 dimicare
954 1732 1004 1772 de
1040 1744 1167 1786 regno
1190 1731 1339 1787 coe'git.
1360 1730 1402 1770 in
1424 1744 1475 1771 eo

137 1789 287 1846 proelio
321 1788 482 1843 Capusa
520 1803 617 1830 cum
650 1790 791 1831 multis
821 1790 1057 1845 principum
1093 1789 1257 1840 cecidit,
1287 1803 1388 1845 gens
1410 1791 1474 1845 (3)

140 1849 416 1904 Maffylorum
452 1848 588 1889 omnis
626 1848 667 1888 in
706 1849 906 1890 ditionem
944 1849 1248 1904 imperiumque
1269 1848 1474 1889 Mezetuli

141 1907 346 1948 concessit.
389 1907 503 1962 regio
543 1916 683 1947 tamen
720 1908 888 1949 nomine
928 1907 1147 1949 abstinuit:
1174 1905 1475 1961 contentusque

141 1966 312 2007 nomine
335 1966 500 2007 modico
536 1966 702 2017 tutoris,
731 1980 909 2022 puerum
937 1966 1216 2015 Lacumacen,
1248 1966 1320 2020 qui
1339 1964 1475 2021 stirpis

139 2025 264 2080 regiae
298 2024 521 2079 supererat,
551 2038 692 2081 regem
728 2027 920 2080 appellat.
981 2024 1367 2081 Karthaginiensem
1399 2038 1477 2065 no-

140 2084 267 2125 bilem
296 2082 509 2128 feminam,
541 2082 687 2125 sororis
719 2083 847 2125 filiam
879 2083 1139 2135 Hannibalis,
1171 2097 1264 2138 quae
1285 2082 1474 2138 proxime

143 2143 303 2185 OEsalci
324 2142 411 2199 regi
433 2151 563 2198 nupta
584 2141 735 2195 fuerat,
766 2142 1031 2184 matrimonio
1049 2142 1119 2184 fibi
1136 2142 1290 2200 jungit,
1323 2145 1385 2199 (4)
1407 2142 1474 2198 spe

190 2263 231 2295 C.
254 2269 309 2302 29.
336 2260 393 2302 (1)
408 2260 452 2292 Ab
470 2274 565 2293 rerum
581 2263 677 2293 ordine
691 2263 843 2301 declinare,
865 2261 915 2295 uti
931 2259 1098 2304 'loquitur
1121 2260 1228 2293 noster
1244 2260 1343 2304 suptfi
1359 2260 1381 2293 l.
1398 2260 1428 2294 8.
1443 2271 1476 2295 c·

148 2316 202 2346 17.
253 2308 310 2348 (2)
323 2306 467 2338 Similem
481 2307 632 2340 ordinem
644 2308 860 2347 succeffionis,
881 2317 917 2340 ut
931 2307 964 2339 in
981 2307 1149 2340 demortui
1173 2307 1256 2350 regis
1273 2307 1383 2338 locum
1406 2317 1476 2339 non

144 2353 230 2385 filius
246 2353 383 2390 subiret,
406 2353 459 2385 sed
473 2355 588 2392 frater,
609 2353 644 2385 in
660 2354 820 2396 Hispania
833 2365 965 2397 quoque
982 2354 1148 2386 servatum
1164 2360 1304 2396 apparet
1324 2363 1364 2385 ex
1379 2353 1404 2385 l.
1423 2352 1478 2385 28·

143 2410 174 2431 c.
202 2408 256 2432 21.
288 2397 401 2441 supra.
451 2407 463 2441 t
470 2400 507 2440 3)
532 2401 711 2432 Paternum
736 2399 911 2432 Masinissae
935 2410 1084 2443 regnum.
1133 2400 1288 2442 Mqsaefflli
1313 2398 1475 2441 parebant

142 2443 299 2489 Syphaci.
348 2444 493 2486 Utrique
522 2445 648 2488 populo
680 2457 855 2478 commune
868 2454 938 2478 erat
956 2447 1155 2478 Numidarum
1171 2455 1306 2476 nomen.
1345 2445 1403 2487 (4)
1424 2446 1476 2476 Ex

142 2490 208 2523 hoc
225 2491 311 2529 loco,
329 2491 360 2522 &
373 2490 412 2522 iis
423 2501 496 2532 quae
510 2502 581 2534 cap.
593 2491 656 2534 seq.
671 2500 862 2531 narrantur,
885 2500 976 2535 patet
987 2489 1278 2533 Karthaginienses
1295 2490 1476 2533 Laeumac'r

145 2538 179 2568 δε
194 2536 371 2569 Mezetulo
383 2544 500 2568 contra
511 2536 714 2569 Mafinifl‘am
725 2536 850 2571 favisse.
898 2541 1013 2580 Atque
1025 2537 1086 2569 hac
1100 2536 1241 2569 maxime
1261 2536 1358 2568 causa
1375 2536 1478 2579 suspi-

144 2581 214 2615 cari
241 2582 418 2625 possumus,
441 2583 622 2615 Numidam
644 2595 663 2616 a
691 2583 1021 2629 Karthaginienfibus
1048 2582 1228 2616 alienatum
1245 2583 1288 2615 ad
1309 2583 1479 2614 Romano»

146 2627 289 2661 desciffe.
336 2628 416 2661 Vid.
437 2627 537 2671 supra
553 2629 575 2662 l.
589 2628 645 2664 28.
663 2629 753 2663 c.16.
1444 2634 1449 2635 ⁷

206 2687 328 2729 Tou.
352 2686 428 2732 IV.
754 2689 779 2731 S
1076 2685 1482 2742 Karthaginienliurn
