1834 3099
899 198 952 245 Τ.
996 197 1194 242 LIVII

387 333 463 361 nec
512 319 604 374 plus
638 317 939 374 quinquaginta
981 332 1029 358 ex
1068 316 1133 357 his
1177 314 1218 354 in
1251 312 1491 369 potestatem
1529 311 1708 353 hostium

388 378 467 419 vivi
497 387 710 419 venerunt.
733 377 905 433 plusque
926 376 1134 431 aliquanto
1156 373 1295 414 damni
1326 372 1413 413 haec
1443 374 1505 413 ala
1522 372 1710 426 equitum

390 437 526 477 amissa
560 436 798 486 Hannibali,
832 437 956 490 quim
996 434 1168 488 Salapia,
1203 431 1307 472 fuit:
1343 445 1418 472 nec
1453 430 1602 472 deinde
1633 443 1710 470 un-

390 509 514 550 quam
547 495 704 537 Poenus
742 499 841 552 (quo
875 491 995 550 longe
1032 493 1256 549 plurimum
1291 492 1490 544 valuerat)
1524 489 1710 544 equitatu

390 554 574 609 superior
605 554 697 595 fuit.

446 612 650 654 XXXIX.
723 614 801 654 Per
844 612 953 652 idem
999 621 1178 665 tempus,
1225 622 1355 662 quum
1395 607 1437 648 in
1497 621 1590 648 arce
1625 606 1710 647 Ta.-

386 671 546 713 rentini}
580 672 650 712 vix
683 671 819 726 inopia
841 669 1059 711 tolerabilis
1091 670 1199 718 esset,
1232 667 1342 722 spem
1379 680 1545 707 omnem
1578 666 1712 720 praefi-

388 730 521 782 dium,
554 731 666 784 quod
705 730 759 770 ibi
792 739 892 780 erat,
926 729 1164 769 Romanum
1200 725 1501 781 praefe&usque
1536 724 1709 780 praefidii

388 799 510 843 atque
534 789 637 830 arcis
668 789 734 829 M.
755 788 897 829 Livius
931 787 972 827 in
1005 784 1300 828 commeatibus
1335 784 1383 825 ab
1415 784 1552 825 Sicilifi
1588 784 1710 824 miffis

387 847 604 889 habebant.
642 847 712 900 qui
743 856 788 886 ut
817 857 907 887 tuto
939 852 953 897 ΙΙ
987 844 1381 900 praeterveherentur
1417 857 1531 884 oram
1566 842 1711 893 Italiae,

387 904 514 947 classis
553 905 697 961 viginti
731 905 860 945 ferme
902 904 1067 945 navium
1109 903 1263 959 Rhegii
1315 902 1453 943 stabat.
1531 901 1710 943 Praeerat

386 964 492 1006 clasfi
509 962 886 1017 commeatibusque
908 963 964 1003 D.
998 962 1242 1019 Qiinffiius,
1273 960 1445 1002 obscuro
1474 975 1623 1017 genere
1644 974 1711 1002 or-

386 1032 467 1072 tus,
485 1024 670 1063 ceterum
694 1022 835 1062 multis
857 1020 1032 1062 fortibus
1055 1020 1176 1062 faC‘tis
1196 1018 1326 1076 glori&
1340 1020 1506 1061 militari
1529 1019 1707 1061 illustris.

385 1081 527 1122 Primo
550 1079 734 1135 quinque
767 1094 906 1130 naves,
927 1094 1102 1134 quarum
1125 1079 1314 1119 maximae
1344 1080 1434 1119 duae
1467 1079 1654 1120 triremes
1687 1094 1708 1119 a

384 1139 588 1180 Marcello
610 1139 646 1179 ei
690 1139 850 1179 traditae
883 1148 1014 1189 erant,
1047 1137 1218 1178 habuit:
1250 1137 1387 1191 postea
1419 1151 1505 1176 rem
1536 1137 1708 1193 impigre

385 1196 488 1253 saepe
509 1197 668 1254 gerenti
690 1207 771 1238 tres
794 1197 943 1238 additoe
975 1194 1292 1252 quinqueremes
1313 1211 1321 1236 :
1353 1194 1560 1250 postremo
1583 1196 1665 1251 ipse
1686 1212 1708 1238 a

383 1256 517 1307 sociis,
551 1255 850 1311 Rheginisque,
883 1258 919 1296 δε
947 1271 968 1296 a
1000 1256 1136 1304 Velia,
1171 1257 1211 1297 Sc
1242 1269 1263 1295 a
1286 1254 1434 1304 Paesto,
1466 1254 1623 1296 debitas
1657 1269 1709 1296 ex

383 1315 541 1356 foedere
563 1316 783 1371 exigendo,
817 1314 976 1355 classem
997 1314 1141 1370 viginti
1165 1313 1348 1366 navium,
1381 1313 1481 1354 ficut
1502 1313 1595 1354 ante
1624 1313 1710 1355 dic-

383 1383 474 1414 tum
505 1373 578 1424 est,
600 1380 614 1426 Η
635 1374 783 1415 effecit.
847 1373 960 1414 Huic
990 1373 1039 1414 ab
1071 1373 1236 1428 Rhegio
1259 1372 1457 1427 profe&ae
1483 1373 1589 1414 clafli
1620 1372 1709 1414 De-

160 1432 297 1462 Proelim
322 1433 366 1462 1'11·
386 1443 604 1481 mocrates,
626 1435 689 1488 (1)
712 1446 808 1472 cum
842 1433 928 1487 pari
956 1432 1073 1473 claffe
1101 1432 1267 1472 navium
1290 1431 1608 1472 Tarentinarum
1631 1445 1711 1472 nu-

156 1485 202 1506 ter
229 1478 300 1507 Rom
306 1502 313 1509 .
341 1483 367 1508 et

159 1523 345 1554 Tarentinam

155 1567 260 1612 ciffis.

388 1505 518 1541 mero,
550 1491 787 1545 quindecim
820 1490 947 1530 millia
980 1490 1109 1531 ferme
1137 1490 1187 1530 ab
1217 1490 1314 1531 urbe
1343 1491 1392 1530 ad
1425 1490 1708 1545 Sacriportum

386 1550 531 1591 obvius
566 1549 663 1596 suin
735 1549 849 1590 Velis
874 1560 965 1589 tum
990 1548 1134 1600 sonesti
1171 1548 1425 1603 improvidus
1457 1548 1585 1589 futuri
1621 1563 1708 1590 cera

386 1609 566 1659 taminis,
600 1609 817 1649 Romanus
849 1607 1050 1648 veniebat.
1088 1608 1153 1648 sed
1189 1608 1294 1648 circa
1322 1608 1548 1648 Crotonem
1579 1608 1708 1665 Syba-

385 1668 625 1722 rimque(2)
644 1666 899 1721 suppleverat
934 1666 1105 1721 remigio
1139 1681 1277 1718 naves,
1311 1667 1635 1721 instruehimque
1667 1671 1708 1710 ὅτ

383 1736 582 1766 armatam
614 1724 777 1781 egregie
806 1739 882 1780 pro
904 1726 1188 1780 magnitudine
1212 1726 1379 1766 navium
1402 1727 1560 1766 clafl'em
1583 1725 1708 1767 habe-

382 1784 478 1825 bat:
513 1787 550 1825 ἃ
576 1793 664 1824 tum
694 1782 800 1824 forte
823 1783 895 1824 sub
917 1784 1025 1823 idem
1049 1783 1133 1824 fere
1157 1794 1319 1839 tempus
1345 1787 1384 1825 <Sc
1407 1786 1517 1824 venti
1538 1785 1598 1825 vis
1615 1799 1705 1825 om-

382 1844 445 1883 nis
468 1842 696 1897 cecidit(3),
728 1847 767 1885 &
790 1837 925 1883 hostes
947 1841 987 1881 in
1023 1842 1247 1897 conspefflu
1280 1843 1412 1895 fuere,
1444 1853 1488 1883 ut
1510 1845 1557 1884 ad
1593 1858 1706 1884 com-

381 1902 571 1958 ponenda
590 1906 605 1952 Η
625 1912 892 1951 armamenta,
922 1902 1311 1955 expediendumque
1333 1902 1528 1957 remigem
1563 1918 1607 1944 ac
1629 1904 1707 1943 mi-

383 1961 496 2000 litem
539 1961 589 2000 ad
627 1957 846 2000 imminens
884 1970 1091 2000 certamen
1126 1963 1190 2014 (4)
1225 1960 1317 2001 satis
1359 1961 1555 2015 temporis
1598 1963 1706 2003 effet.

383 2019 500 2059 Raro
534 2016 633 2059 alius
683 2018 806 2059 tantis
838 2018 984 2059 animis
1013 2018 1174 2074 †justae
1214 2030 1512 2060 concurrerunt
1542 2021 1707 2063 claffes:

381 2080 444 2133 (ς)
467 2077 619 2132 quippe
643 2091 772 2132 quum
813 2076 856 2117 in
888 2078 1057 2134 majoris
1097 2077 1314 2118 discrimen
1351 2078 1424 2128 rei,
1458 2078 1582 2133 quum
1610 2080 1706 2134 ipsae

1577 2149 1708 2190 erant,

427 2266 467 2300 C.
500 2276 553 2309 39.
579 2267 635 2307 (1)
661 2267 744 2299 Cum
771 2266 865 2299 classe
892 2266 962 2309 pari
991 2279 1138 2299 numero.
1194 2268 1255 2299 Sed
1283 2268 1460 2301 resecanda
1477 2270 1609 2303 videtur
1640 2282 1705 2303 vox

379 2314 467 2356 elaffe.
520 2313 677 2345 Cetei-iim
694 2313 756 2343 alia
773 2312 837 2344 fuit
866 2314 1063 2355 Sacriportus,
1089 2315 1167 2344 urbs
1185 2313 1284 2351 Latii,
1308 2314 1395 2346 haud
1415 2317 1530 2357 procul
1550 2318 1705 2349 l’raeneste

381 2359 413 2389 ὃς
433 2359 552 2400 Signia,
576 2357 696 2389 nobilis
712 2357 803 2389 clade
829 2358 932 2389 imarii
947 2359 1097 2401 junioris.
1143 2361 1199 2400 (2)
1222 2361 1338 2402 Sybaris
1357 2361 1599 2404 antiquioribus
1623 2371 1705 2394 tem-

381 2404 517 2446 poribus
541 2403 707 2446 appellata
740 2404 793 2440 est,
824 2415 892 2446 quse
919 2405 1026 2446 postea
1054 2407 1160 2436 ‘Thurii
1188 2404 1277 2436 dicia
1308 2406 1392 2445 fuit3
1419 2419 1484 2450 quo
1512 2407 1645 2439 nomine
1670 2410 1702 2439 «Sc

379 2449 487 2482 noster
503 2449 580 2481 alibi
601 2449 672 2480 usus
689 2449 744 2480 est.
781 2451 836 2489 (3)
859 2452 964 2481 Cadere
988 2451 1028 2482 de
1046 2459 1159 2488 vento,
1175 2461 1276 2492 quum
1294 2452 1535 2484 vehementiam
1551 2453 1704 2492 remittit,

381 2494 478 2536 supra
502 2495 526 2527 1.
557 2504 611 2534 25.
630 2505 646 2525 c
683 2503 733 2532 27.
763 2494 888 2526 infr-221.
908 2505 962 2537 29.
980 2507 1006 2527 c.
1033 2506 1086 2535 27.
1105 2496 1126 2527 1.
1147 2495 1201 2535 36.
1219 2507 1244 2527 c.
1263 2506 1314 2535 43.
1373 2500 1427 2529 Vis
1444 2502 1537 2537 venti,
1560 2506 1595 2530 ut
1613 2498 1702 2531 infra

379 2539 402 2570 l.
423 2548 479 2580 29.
496 2550 523 2571 c.
544 2549 597 2578 27.
613 2542 713 2570 addita
731 2542 777 2571 vis
795 2548 890 2573 vento.
937 2543 984 2572 lta
1001 2546 1047 2572 vie
1061 2544 1192 2583 frigoris
1213 2542 1358 2583 suprfi'i.
1380 2553 1427 2574 10.
1441 2555 1466 2574 c.
1482 2555 1536 2583 45.
1563 2548 1609 2575 vis
1632 2553 1702 2576 tcm-

374 2585 490 2626 pssutis
509 2585 528 2615 1.
550 2594 604 2624 25.
622 2596 648 2616 c.
670 2594 724 2624 25.
772 2586 829 2626 (4)
854 2585 941 2628 Qia
957 2596 1072 2618 ventus
1090 2586 1197 2617 subiti>
1214 2588 1331 2618 cadens
1348 2599 1444 2620 morae
1460 2589 1604 2621 hostibus
1627 2591 1706 2622 fuit.
1734 2602 1748 2609 ²

378 2632 435 2672 (5)
460 2631 573 2674 Qum
589 2629 624 2662 in
641 2630 771 2662 illarum
789 2632 897 2674 pugn}
915 2641 1066 2674 ageretur
1090 2633 1130 2664 de
1148 2632 1244 2663 rebus
1260 2634 1392 2675 majoris
1407 2635 1578 2673 momenti,
1598 2636 1700 2677 quzim

1579 2689 1696 2723 quanti
