1840 3094
447 214 693 258 LIBER
752 211 872 257 XXI.
932 215 1102 259 CAP.
1162 215 1323 260 XLVI.
1685 229 1746 276 53

260 327 394 373 XLV.
426 331 506 374 His
546 331 901 374 adhortationibus
938 347 1068 388 quum
1110 333 1302 388 utrinque
1344 328 1394 373 ad
1427 346 1518 374 cer-

196 392 339 429 tamen
373 392 527 432 accensi
548 391 727 431 militum
747 391 872 432 animi
893 392 1034 445 effent,
1065 392 1246 433 Romani
1285 403 1410 447 ponte
1441 393 1516 432 Ti-

197 446 556 505 cinumjungunt,
587 450 831 505 tutandique
870 450 1007 505 pontis
1046 451 1167 491 causa
1206 451 1414 491 castellum
1451 451 1516 491 in·-

197 504 318 560 super
338 507 572 562 imponunt.
633 509 804 558 Poenus,
834 523 956 562 opere
970 509 1179 562 occupatis
1200 507 1400 559 hostibus,
1418 509 1517 550 Ma·
1544 534 1548 538 -

195 562 404 607 harbalem
426 581 521 607 cum
542 566 606 606 ala
627 566 923 616 Numidarum,
954 567 1162 621 equitibus
1184 566 1435 621 quingentis,
1462 567 1515 608 ad

195 623 504 678 depopulandos
521 625 724 666 sociorum
738 626 879 680 populi
903 624 1084 666 Romani
1100 639 1218 681 agros
1240 625 1378 665 mittit.
1412 626 1517 665 Gal-

193 681 246 722 lis
267 683 377 736 parci
399 684 524 737 quam
547 683 723 724 maxime
751 684 886 740 jubet,
917 684 1235 739 principumque
1258 683 1416 723 animos
1438 684 1517 723 sol-

194 739 342 781 licitari
363 742 413 782 ad
435 741 725 784 defectionem.
786 744 918 784 Ponte
954 741 1157 797 perfecto,
1189 741 1403 782 traductus
1426 742 1516 781 Ro-

193 812 341 841 manus
375 799 578 840 exereitus
617 799 659 840 in
699 814 844 856 agrum
885 800 1137 852 Insubrium,
1169 800 1352 854 quinque
1385 799 1515 841 millia

196 857 380 910 paffuum
401 872 424 898 a
444 858 698 900 Victumviis
720 861 783 915 (ι)
803 859 997 900 consedit.
1062 858 1123 899 Ibi
1143 858 1353 898 Hannibal
1386 858 1514 899 castra

193 914 393 957 habebat:
424 927 696 971 revocatoque
733 916 904 972 propere
928 917 1170 958 Maharbale
1202 927 1325 971 atque
1358 916 1515 970 ''equiti-

192 972 288 1025 bus,
320 988 449 1028 quum
471 975 617 1016 instare
639 984 847 1016 certamen
881 985 1082 1026 cerneret,
1114 974 1217 1015 nihil
1249 989 1431 1029 unquam
1454 975 1515 1015 sa-

193 1032 246 1073 tis
266 1032 425 1073 dictum
446 1034 818 1088 praemonitumque
838 1036 889 1075 ad
918 1034 1192 1075 cohortandos
1213 1034 1364 1075 milites
1384 1044 1516 1085 ratus,

192 1092 348 1132 vocatis
382 1092 434 1132 ad
474 1092 717 1133 concionem
739 1102 849 1134 certa
870 1093 1038 1148 praemia
1069 1092 1318 1148 pronunciat
1349 1095 1426 1148 (2),
1468 1092 1510 1132 in
1531 1112 1743 1155 praem;asu;,

193 1164 372 1203 quorum
411 1149 524 1204 spem
558 1161 805 1206 pugnarent.
866 1153 1021 1207 Agrum
1040 1153 1125 1209 sefi’
1158 1151 1339 1191 daturum
1379 1152 1443 1208 ‘ff'
1470 1154 1511 1192 in
1523 1162 1692 1201 pronunciat

193 1208 330 1258 Italid,
361 1208 524 1266 Africc‘c'‚
555 1210 762 1264 Hispanic‘z',
793 1211 856 1250 ubi
889 1210 1042 1268 qul-'sque
1073 1210 1183 1261 velit,
1213 1211 1414 1249 immunem
1434 1209 1512 1265 ipſs,
1532 1205 1693 1237 Hannibal.

192 1267 259 1321 qui
266 1267 464 1324 accepg‘ffi’t,
478 1268 686 1324 liberisque;
709 1269 777 1323 qui
787 1270 1006 1322 pecuniam,
1020 1268 1135 1323 quhm
1144 1283 1298 1322 agrum,
1317 1269 1434 1307 malui
1461 1278 1513 1321 et,

193 1327 228 1364 ei
233 1326 280 1379 st’
297 1334 451 1380 argento
476 1327 773 1383 satiffac‘i'urum
794 1345 807 1367 .·
841 1330 902 1382 (3)
934 1329 1000 1381 qui
1015 1328 1201 1382 sociorum
1217 1329 1317 1367 cives
1339 1326 1516 1367 Kartha-

188 1383 376 1441 ginienses
381 1383 480 1439 fieri
500 1385 650 1434 vellent,
675 1385 884 1442 potfstatetn
895 1385 1104 1442 faHurum
1119 1403 1132 1425 .·
1164 1386 1230 1439 qui
1249 1385 1369 1425 domes
1390 1385 1513 1426 redire

192 1442 361 1491 mallent,
391 1442 572 1483 daturum
593 1444 641 1498 st
672 1454 834 1496 operam,
866 1459 910 1483 ne
949 1445 1058 1498 ctq‘us
1091 1444 1244 1495 suorum
1271 1444 1514 1497 popularium.

189 1507 376 1540 mutatam
418 1503 482 1555 (4)
508 1503 638 1556 secum
661 1501 867 1556 fhrtunam
888 1502 950 1558 ‘ff’
969 1501 1117 1541 vellent.
1178 1501 1314 1542 Servis
1344 1516 1512 1555 quoque

189 1558 379 1599 dominos
400 1558 624 1613 prosecutis
644 1559 873 1600 libertatem
893 1560 1087 1615 proponit
1118 1561 1199 1615 (5),
1234 1559 1414 1614 binaque
1434 1574 1513 1614 pro

189 1616 254 1658 his
290 1617 496 1672 mancipia
534 1618 712 1659 dominis
754 1618 792 1659 se
820 1619 1092 1659 redditurum.
1156 1618 1298 1672 anue
1340 1628 1386 1659 ut
1423 1628 1511 1660 rata

189 1675 338 1716 scirent
358 1675 463 1726 fore,
485 1691 638 1732 agnum
658 1677 759 1718 laeva
780 1691 921 1727 manu,
952 1677 1119 1718 dextera
1141 1676 1291 1717 filicem
1312 1676 1512 1729 retinens,

186 1735 216 1775 fi
237 1734 411 1784 falleret,
441 1735 588 1789 Jovem
627 1735 861 1790 ceterosque
890 1745 1079 1790 precatus
1099 1735 1230 1784 Deos,
1262 1735 1318 1776 ita
1340 1734 1378 1775 se
1399 1749 1512 1777 mac-

188 1798 338 1843 tarent,
370 1795 720 1848 quemadmodum
741 1795 823 1849 ipse
845 1809 998 1849 agnum
1025 1794 1250 1843 mactasset,
1281 1793 1510 1835 secundum

186 1852 467 1907 precationem
502 1862 626 1907 caput
661 1853 830 1907 pecudis
871 1853 964 1893 saxo
997 1852 1098 1893 elisit
1124 1854 1200 1909 (6).
1259 1851 1374 1892 Tum
1408 1854 1510 1893 vero

186 1924 351 1963 omnes,
369 1912 482 1952 velut
498 1911 592 1954 Diis
611 1911 849 1953 auctoribus
863 1911 905 1952 in
916 1912 1026 1966 spem
1049 1911 1160 1951 suam
1182 1911 1376 1966 acceptis,
1393 1913 1452 1965 (7)
1467 1911 1510 1950 id

187 1983 331 2022 morae,
361 1971 476 2023 quod
516 1972 702 2011 nondum
737 1981 984 2026 pugnarent,
1034 1970 1086 2010 ad
1125 1969 1320 2024 potienda
1352 1969 1511 2024 sperata.

185 2029 282 2079 rati,
313 2030 508 2083 proelium
524 2043 608 2069 uno
628 2029 768 2070 animo
789 2039 830 2070 et
850 2029 951 2070 voCe
972 2029 1054 2069 una
1076 2028 1264 2083 poscunt.

246 2084 403 2127 XLVI.
421 2088 564 2142 ,Apud
593 2088 808 2128 Romanos
835 2087 1154 2141 haudquaquam
1175 2096 1288 2127 tanta
1323 2085 1508 2127 alacritas
1526 2100 1666 2145 Prodigfa
1681 2101 1709 2133 7„

187 2157 290 2196 erat,
335 2144 455 2201 super
490 2155 626 2187 cetera
666 2146 900 2193 recentibus
930 2146 1056 2187 etiam
1094 2145 1258 2187 territos
1292 2145 1502 2202 prodigiis.
1521 2146 1627 2201 castrj‘s
1643 2149 1704 2182 Re·

854 2224 856 2229 .
1520 2205 1626 2227 mant-5.

234 2301 274 2333 C.
295 2309 350 2340 45.
370 2300 424 2343 (Ι)
440 2299 511 2332 Alii
528 2300 703 2344 legendum
717 2301 848 2333 censent
868 2303 1052 2333 Viaumulis.
1099 2300 1156 2343 (2)
1170 2301 1507 2343 Pronunct‘arepraemr'a

185 2345 286 2389 supr&
303 2347 323 2378 l.
341 2356 373 2378 2.
399 2358 429 2377 c.
448 2356 503 2378 20.
547 2348 607 2388 (3)
630 2346 709 2378 Vid.
723 2348 736 2387 ss
752 2349 804 2389 qui
818 2360 923 2379 eorum.
968 2347 1026 2389 (4)
1048 2345 1098 2378 Sic
1127 2346 1215 2377 infra
1238 2347 1262 2378 l.
1281 2356 1338 2385 42.
1364 2358 1395 2379 c.
1411 2356 1442 2387 5.
1465 2354 1509 2386 ut,

187 2393 312 2434 quaesub
326 2394 427 2423 ditione
440 2396 509 2434 ejus,
524 2394 602 2423 urbes
619 2391 727 2423 nullius
742 2395 841 2426 liberae
856 2393 1001 2424 civitatis
1005 2394 1158 2434 fortunam
1163 2392 1258 2434 secum
1281 2399 1422 2424 mutatam
1441 2395 1508 2424 ‘vel-

186 2440 255 2469 lent.
303 2437 385 2469 Vid.
413 2438 512 2479 supra
540 2446 611 2469 not.
644 2447 677 2470 2.
695 2438 750 2471 ad.
785 2449 815 2470 c.
836 2448 890 2478 30·
916 2438 939 2469 l.
959 2447 993 2477 5.
1018 2439 1058 2469 E.
1104 2438 1161 2479 (5)
1195 2439 1359 2480 Proponere
1377 2440 1508 2480 praemioe

187 2481 287 2526 supra
304 2484 327 2515 l.
346 2494 378 2521 4.
405 2493 435 2515 c.
454 2493 510 2522 35.
535 2493 567 2515 et
583 2483 663 2515 alibi
679 2484 775 2526 saepe.
825 2484 875 2515 Sic
895 2484 984 2526 apud
999 2485 1132 2515 Graecos
1157 2485 1321 2528 προκεισθαι
1344 2492 1377 2515 et
1404 2497 1507 2528 oreom-

187 2531 281 2560 θέσθαι
294 2528 451 2560 dicuntur
468 2531 561 2561 ἆθλα.
600 2528 658 2572 (6)
681 2529 760 2561 Vid.
778 2528 877 2571 supra
893 2529 917 2562 Ι.
933 2539 965 2561 1.
990 2539 1017 2560 c.
1035 2538 1089 2567 24·
1115 2528 1182 2560 etl.
1201 2538 1234 2568 9.
1261 2540 1290 2561 c.
1307 2537 1342 2568 5.
1389 2529 1447 2571 (7)
1470 2528 1507 2561 ld

187 2574 318 2606 rantum
344 2574 401 2606 fibi
425 2573 486 2606 esse
502 2586 604 2607 morae
636 2574 710 2616 rati,
733 2574 910 2617 quominus
935 2573 1071 2617 speratis
1087 2573 1287 2618 potirentur,
1309 2575 1400 2618 quod
1422 2585 1509 2606 non·

189 2619 269 2660 dum
288 2627 491 2663 pugnarent.

1410 2667 1511 2707 nam‘
