1834 3099
460 125 496 167 L
515 127 534 167 Ι
554 128 585 170 Β
604 126 636 167 E
656 125 695 168 R
728 123 934 169 XXVIII.
969 127 1003 168 C
1021 127 1057 168 A
1074 122 1122 167 P.
1155 127 1209 170 V.

180 241 368 295 marique
418 244 552 285 νίἇὶοι·
595 246 812 287 Romanus
847 260 943 285 cum
980 244 1128 300 magna
1172 242 1307 284 omnis
1349 240 1509 297 generis

183 302 322 354 praedfi
343 303 573 358 Lilybaeum
596 305 755 359 repetit.
820 306 882 358 (1)
904 304 1015 343 'foto
1039 305 1131 343 inde
1154 302 1255 342 mari
1283 300 1509 355 pulsishos-

184 359 290 399 tium
322 362 508 413 navibus,
538 365 677 420 magni
700 373 954 404 commeatus
978 362 1177 402 frumenti
1199 362 1382 402 Romam
1418 359 1510 400 sub-

181 417 304 458 veeti.

212 535 220 542 .
237 477 292 516 V.
315 478 524 535 Principio
556 481 701 522 aestatis
722 481 828 537 ejus,
861 480 941 533 qua
962 479 1050 520 haec
1072 479 1164 519 sunt
1186 478 1313 532 gesta,
1344 476 1392 517 P.
1415 476 1511 518 Sul-

181 536 314 590 picius
335 540 554 592 proconsul
587 545 622 581 ἃ
650 541 811 580 Attalus
828 553 896 578 rex
920 553 1047 593 quum
1065 538 1229 594 AEginae
1266 537 1383 588 (ficut
1416 534 1509 575 ant&

182 593 343 636 dietum
366 598 441 653 est)
463 599 749 647 hibernassent,
782 599 990 638 Lemnum
1034 598 1144 646 inde,
1195 596 1311 637 claffe
1349 595 1509 651 juncia,

182 651 387 696 Romanae
421 658 603 712 quinque
628 661 666 699 ἃ
693 656 836 712 viginti
860 656 1196 710 quinqueremes,
1229 654 1351 709 regite
1389 653 1510 707 quin-

181 727 261 766 que
288 717 326 755 &
351 717 533 771 triginta,
565 715 932 770 ‡transmiserunt.
994 715 1046 754 Et
1077 714 1311 768 Philippus,
1344 722 1407 763 ut,
1440 712 1509 752 seu

180 773 285 813 terra
311 772 379 814 seu
415 776 516 815 mari
552 774 715 816 obviam
757 775 941 814 eundum
974 772 1080 813 hosti
1104 772 1225 821 foret,
1256 780 1423 827 paratus
1457 772 1509 811 ad

180 845 326 872 omnes
353 845 524 875 conatus
550 835 660 885 effer,
692 834 774 889 ipse
797 833 1108 874 Demetriadem
1136 833 1185 872 ad
1209 845 1319 871 mare
1342 829 1510 870 descen-

180 889 269 930 dit:
301 891 494 932 Larissam
531 894 640 934 diem
677 895 726 934 ad
749 892 1078 934 conveniendum
1101 890 1299 931 exercitui
1325 894 1340 941 [l
1367 888 1509 929 edixit.

180 947 383 1014 Undique
401 951 451 992 ab
468 951 587 994 sociis
609 953 833 1008 legationes
856 950 1168 991 Demetriadem
1191 950 1240 989 ad
1259 948 1413 988 samam
1445 962 1508 988 re-

176 1022 239 1063 gis
262 1022 556 1052 convenerunt.
620 1011 876 1053 Sustulerant
893 1011 1001 1049 enim
1021 1009 1179 1049 animos
1196 1008 1343 1057 AEtoli,
1376 1021 1508 1060 quum

176 1066 227 1107 ab
250 1067 442 1110 Romana
472 1070 678 1120 societate,
710 1080 799 1111 tum
835 1068 922 1124 post
949 1069 1078 1108 Attali
1110 1068 1348 1116 adventum,
1381 1065 1508 1106 finiti-

175 1126 347 1181 mosque
370 1129 739 1184 depopulabantur.
782 1144 833 1169 ne
855 1130 1092 1169 Acarnanes
1120 1126 1251 1167 solum
1270 1125 1507 1179 Boeotique,

181 1186 222 1226 δι
247 1187 318 1240 qui
359 1187 562 1229 Euboeam
605 1189 805 1238 incolunt,
860 1188 900 1226 in
936 1200 1088 1242 magno
1117 1195 1231 1226 metu
1266 1194 1407 1225 erant:
1439 1183 1507 1225 sed

180 1245 327 1286 Achaei
365 1262 545 1301 quoque,
580 1254 724 1301 quos†
745 1248 865 1303 super
894 1246 1121 1288 AEtolicum
1154 1245 1309 1285 bellum
1333 1242 1508 1283 Macha-

177 1303 294 1345 nidas
329 1307 392 1360 (1)
430 1307 552 1347 etiam
591 1306 932 1347 Lacedaemonius
960 1316 1173 1360 tyrannus,
1221 1303 1332 1343 haud
1361 1302 1506 1357 procul

177 1363 431 1418 Argivorum
457 1371 481 1418 †
504 1365 584 1406 fine
617 1366 754 1420 politis
778 1365 933 1417 castris,
966 1361 1155 1403 terrebat.
1194 1362 1236 1402 hi
1258 1376 1403 1403 omnes
1425 1360 1506 1402 suis

174 1422 346 1477 quisque
378 1424 562 1474 urbibus,
596 1439 688 1479 quae
710 1426 891 1480 pericula
926 1424 1031 1465 terra
1066 1422 1252 1476 marique
1287 1420 1507 1475 portende-

172 1479 340 1532 bantur,
387 1494 679 1535 memorantes,
732 1484 881 1524 auxilia
922 1496 1061 1538 regem
1104 1480 1289 1522 orabant.
1350 1479 1417 1519 Ne
1454 1492 1504 1519 ex

176 1554 304 1596 regno
327 1542 495 1596 quidem
518 1543 640 1597 ipsius
662 1543 893 1597 tranquilljae
911 1541 1213 1582 nunciabantur
1233 1553 1309 1579 res.
1330 1540 1366 1580 8<
1384 1538 1505 1579 Scer-

171 1600 367 1642 dilaedum
397 1601 721 1656 Pleuratumque
739 1611 876 1642 motos
897 1601 989 1650 effe,
1024 1602 1063 1641 &
1086 1599 1300 1640 Thracum
1323 1595 1503 1637 maxime

174 1658 354 1712 Maedos,
386 1661 411 1701 fi
445 1662 554 1716 quod
593 1661 870 1717 longinquum
899 1659 1054 1702 bellum
1089 1672 1229 1714 regem
1256 1655 1503 1711 occupafl‘et,

170 1720 357 1772 proxima
380 1720 641 1761 Macedoniae
663 1720 910 1761 incursuros.
978 1718 1118 1762 Boeoti
1141 1717 1306 1771 quidem
1323 1719 1363 1758 δε
1378 1715 1505 1755 inter-

173 1778 280 1820 iores
321 1779 498 1820 Graeciae
532 1779 693 1835 populi,
724 1779 1103 1836 Thermopylarum
1145 1777 1307 1824 saltum,
1341 1774 1410 1814 ubi
1433 1788 1504 1814 an-

170 1837 298 1892 gustae
330 1838 471 1880 fauces
492 1849 678 1880 coartant
718 1838 811 1889 iter,
843 1837 949 1880 fossa
984 1838 1172 1891 valloque
1211 1832 1430 1875 intercludi
1452 1831 1503 1872 ab

173 1896 340 1947 AEtolis‚
392 1897 661 1948 nunciabant,
713 1911 761 1938 ne
795 1898 1010 1937 transitum
1050 1896 1100 1935 ad
1141 1893 1344 1935 sociorum
1381 1889 1502 1932 urbes

172 1958 347 1996 tuendas
368 1956 561 2012 Philippo
583 1957 738 1997 darent.
804 1957 882 1995 X'el
912 1955 1076 2011 segnem
1114 1953 1263 1993 ducem
1298 1960 1360 1991 tot
1392 1950 1502 1990 exci-

172 2026 258 2056 tare
282 2015 486 2057 tumultus
509 2014 742 2056 circumfusi
763 2024 967 2069 poterant.
1030 2012 1277 2068 Legationes
1313 2009 1500 2062 dimittit,

173 2074 396 2130 pollicitus,
427 2084 552 2129 prout
566 2083 730 2128 ternpus
751 2087 796 2114 ac
818 2087 881 2114 res
904 2073 942 2113 se
958 2079 983 2127 †
1004 2073 1134 2123 daret,
1168 2068 1361 2110 omnibus
1394 2069 1500 2108 latu-

173 2149 267 2176 rum
305 2133 343 2174 se
379 2133 593 2174 auxilium.
626 2131 668 2171 in
695 2137 710 2183 Η
743 2131 971 2186 praesentia,
1003 2145 1095 2184 quae
1127 2125 1304 2169 maxime
1328 2126 1500 2183 urgebat

173 2208 252 2244 res,
287 2195 348 2248 (2)
368 2191 648 2247 Peparethum
685 2191 915 2244 praefidium
954 2189 1044 2231 urbi
1080 2188 1235 2236 mittit3
1269 2187 1379 2227 unde
1401 2186 1501 2226 alla-

171 2264 263 2294 tum
282 2262 386 2300 erat,
420 2252 625 2299 Attalum,
658 2249 708 2290 ab
739 2250 900 2290 Lemno
923 2250 1037 2290 classe
1056 2245 1300 2295 transmissa,
1332 2259 1501 2286 omnem

172 2313 281 2355 circa
318 2310 462 2352 urbem
497 2323 641 2367 agrum
681 2310 992 2364 depopulatum.
1068 2305 1371 2363 Polyphantam
1402 2318 1499 2345 cum

1338 2362 1502 2405 modica

220 2494 258 2526 C.·
278 2502 312 2529 4.
328 2489 386 2531 (Ι)
412 2490 508 2533 Puffis
527 2496 583 2521 toto
600 2491 690 2520 mari.
738 2487 806 2520 Alii
821 2497 932 2521 autem
948 2493 1028 2526 tui03
1052 2495 1089 2518 ut
1107 2485 1372 2526 stt‚subvcb?1'!ulo
1399 2486 1498 2518 mari;

172 2539 207 2571 &
222 2538 271 2571 ita
282 2536 389 2574 causa,
411 2545 471 2566 cur
488 2545 578 2567 mare
590 2542 701 2567 tutum
717 2533 767 2572 fit,
788 2534 863 2573 erit,
886 2533 963 2576 quia
979 2544 1078 2564 naves
1095 2531 1232 2563 hostium
1251 2530 1348 2572 pulsae
1366 2536 1474 2561 erant.

220 2588 258 2617 C.
276 2594 311 2624 5.
333 2582 389 2625 (ι)
413 2580 482 2619 Ille,
504 2581 633 2613 sublato
650 2580 828 2613 Cleomene
850 2591 938 2622 rege,
959 2575 1169 2623 tyrannidem
1185 2577 1422 2608 Lacedaemone
1448 2573 1498 2606 in-

175 2631 312 2678 vaserat.
361 2625 477 2661 Nabin·
490 2626 524 2659 in
542 2628 579 2660 eax
593 2625 806 2660 successorem
823 2625 952 2658 habuit·
999 2623 1171 2668 (2)Mittit
1187 2623 1221 2654 in
1239 2622 1379 2655 insulam
1393 2622 1497 2698 nga-

201 2681 203 2683 ’
1364 2674 1413 2699 ret
1440 2677 1496 2698 um

1530 468 1586 498 Res
1599 469 1727 501 Graeciae.

1522 1992 1733 2035 Philippuafi—

1520 2041 1574 2068 cios
1586 2039 1719 2085 hortatur

1521 2096 1556 2115 ac
1566 2090 1671 2116 tuetur.
1681 2123 1683 2126 Α
