1834 3099
147 140 227 184 ¹74

125 1344 299 1385 Hafilrubal
303 1346 339 1377 ²5³³

126 1392 220 1433 Scipio
236 1395 322 1424 eodem

125 1444 192 1467 tecto
199 1442 337 1481 rect'loiun-

124 1490 183 1514 eur.

125 2137 265 2178 Scipt'om's
280 2149 324 2167 ιο-

125 2187 209 2213 mitas
222 2186 258 2215 ²6²
268 2188 334 2216 dez-

123 2232 232 2260 teritur.

881 129 1177 173 T.L1V11

365 245 532 287 Nlarcio
563 246 815 297 Tarracone,
864 248 930 290 M.
970 248 1110 288 Silano
1141 247 1398 303 Karthagine
1434 247 1569 298 Nova,
1613 248 1698 304 qu&

367 310 383 356 Η
405 305 577 359 pedibus
600 306 649 346 ab
679 306 915 348 Tarracone
940 308 1154 352 itineribus
1177 308 1337 362 magnis
1373 307 1486 355 ierat,
1521 309 1569 348 ad
1593 323 1699 363 pra-

363 365 506 404 fidium
527 365 737 420 Hispaniae
755 367 923 416 relifflis„
957 367 1039 421 ipse
1063 381 1156 407 cum
1177 366 1222 406 C.
1249 366 1377 406 Laelio
1397 367 1555 408 duabus
1577 367 1699 422 quin-

362 424 627 477 queremibus
646 424 696 464 ab
718 425 972 482 Karthagine
996 426 1209 481 profeetus
1229 425 1450 480 tranquillo
1481 427 1582 470 mari
1607 428 1698 480 plu-

360 482 513 522 rimum
529 484 670 534 remis,
702 484 910 525 interdum
939 489 974 526 &
1003 486 1082 525 leni
1107 486 1330 541 adjuvante
1347 496 1486 535 vento,
1519 486 1560 525 in
1580 485 1697 526 Afri-

361 555 451 581 cam
495 543 666 599 trajecit.
732 543 855 584 Forte
900 544 954 585 ita
997 545 1159 595 incidit,
1212 555 1257 585 ut
1293 558 1342 584 eo
1384 543 1469 598 ipso
1508 555 1695 600 tempore

358 599 592 642 Hasdrubal
628 602 768 657 pulsus
803 603 1020 658 Hispania,
1053 603 1204 659 septem
1248 603 1484 644 triremibus
1521 615 1690 660 portum

358 658 564 712 inveetus,
596 661 786 703 anchoris
808 663 944 717 positis
977 674 1093 703 terrae
1130 663 1355 717 applicaret
1377 677 1528 712 naves3
1561 678 1693 718 quum

356 719 589 775 conspeetae
626 723 717 765 duae
742 722 1059 777 quinqueremes
1087 722 1197 763 haud
1227 721 1421 775 cuiquam
1446 723 1573 763 dubio
1612 726 1692 778 (5),

357 779 458 831 quin
493 779 674 820 hostium
709 781 849 831 estem,
879 782 1140 836 opprimique
1172 797 1193 821 a
1217 781 1418 835 pluribus,
1452 781 1691 836 priusquam

356 848 526 890 portum
567 839 781 891 intrarent,
813 841 984 895 poflent,
1017 841 1119 881 nihil
1143 841 1271 891 aliud,
1306 838 1429 894 quam
1462 844 1691 880 tumultum

356 910 402 936 ac
425 897 739 950 trepidationem
759 900 875 939 simul
898 899 1075 939 militum
1099 914 1144 939 ac
1160 911 1393 948 nautarum,
1412 900 1691 955 nequicquam

358 969 554 1010 armaque
580 959 618 997 δε
652 972 776 998 naves
812 959 1137 1012 expedientium,
1170 962 1231 1013 (6)
1268 958 1471 998 fecerunt.
1505 960 1690 1013 percufl'a

356 1014 465 1053 enim
489 1030 538 1054 ex
561 1017 643 1056 alto
661 1018 748 1056 vela
771 1019 908 1071 paullo
931 1018 1079 1057 acriori
1102 1029 1225 1058 vento
1248 1016 1362 1072 prius
1381 1018 1422 1057 in
1443 1028 1609 1072 portum
1628 1019 1692 1058 in-

354 1074 540 1114 tulerunt
572 1074 908 1129 quinqueremes,
943 1077 1067 1130 quam
1111 1077 1228 1118 Poeni
1261 1076 1460 1117 anchoras
1495 1078 1692 1117 moliren-

356 1141 423 1172 tur
454 1135 530 1188 (7).
558 1148 634 1174 nec
667 1133 772 1174 ultra
796 1137 1022 1175 tumultum
1046 1136 1151 1176 ciere
1171 1139 1231 1190 (3)
1256 1135 1471 1193 quisquam
1497 1137 1538 1175 in
1575 1137 1689 1192 regio

355 1202 479 1244 portu
502 1193 693 1235 audebat.
756 1195 900 1248 Itaque
925 1195 1036 1249 prior
1070 1195 1110 1235 in
1134 1205 1284 1235 terram
1308 1195 1558 1246 Hasdrubal,
1591 1210 1689 1236 mox

355 1250 496 1305 Scipio
517 1255 556 1293 ἃ
579 1252 733 1294 Laelius
757 1253 913 1307 egi-effi,
946 1255 995 1294 ad
1018 1268 1156 1310 regem
1182 1265 1372 1308 pergunt.

416 1309 577 1351 XVIII.
603 1313 965 1368 Magnificumque
989 1313 1028 1353 id
1053 1313 1231 1370 Syphaci
1256 1318 1348 1368 (nec
1371 1323 1457 1352 erat
1474 1312 1607 1362 aliter)
1631 1313 1691 1353 vi-

359 1368 463 1419 sum,
507 1371 732 1425 duorumss
762 1372 1159 1426 opulentissimorum
1196 1373 1240 1412 ea
1285 1372 1524 1426 tempestate
1562 1373 1689 1414 duces

356 1430 606 1483 populorum
643 1446 726 1471 uno
764 1432 829 1471 die
853 1431 964 1471 suam
998 1446 1139 1486 pacem
1164 1432 1470 1484 amicitiamque
1502 1441 1689 1486 petentes

354 1488 515 1530 venifl'e.
580 1490 823 1545 Utrumque
859 1491 900 1530 in
932 1491 1154 1546 hospitium
1195 1490 1366 1538 invitat3
1400 1492 1456 1539 δε,
1491 1490 1689 1545 quoniam

354 1545 439 1587 sors
472 1562 542 1588 eos
567 1548 640 1589 sub
665 1565 746 1590 uno
785 1549 894 1589 tecto
917 1551 1008 1599 effe,
1041 1562 1164 1604 atque
1186 1555 1210 1602 †
1232 1550 1280 1589 ad
1304 1549 1466 1590 eosdem
1504 1560 1689 1603 penateS,

352 1607 537 1646 voluiffet
556 1623 564 1647 ε
597 1608 838 1649 contrahere
859 1609 907 1648 ad
930 1610 1183 1663 colloquium
1201 1609 1524 1648 dirimendarum
1551 1609 1689 1649 simul-

352 1665 500 1705 tatium
522 1667 638 1707 cansfi
662 1667 717 1707 est
743 1677 942 1718 conatu33
975 1669 1169 1723 Scipione
1193 1668 1412 1718 abnuente,
1447 1678 1516 1708 aut
1554 1668 1689 1723 priva-

353 1723 427 1763 tim
447 1725 517 1764 fibi
536 1727 665 1765 ullum
697 1741 791 1767 cum
810 1727 943 1766 Poeno
965 1727 1108 1767 odium
1141 1728 1232 1777 effe,
1268 1728 1378 1781 quod
1413 1728 1688 1781 colloquendo

354 1782 507 1835 siniret,
540 1795 611 1824 aut
633 1787 682 1825 de
720 1786 927 1840 republica
961 1786 998 1826 se
1042 1801 1137 1826 cum
1171 1785 1285 1826 hoste
1319 1800 1437 1841 agere
1461 1787 1686 1840 quicquam

353 1841 499 1897 injufl'u
540 1842 701 1885 senatus
744 1845 864 1899 poffe.
928 1845 1034 1885 Illud
1059 1850 1081 1898 ss
1111 1860 1260 1900 magno
1293 1859 1414 1899 opere
1437 1851 1461 1897 †
1491 1847 1687 1886 tendente

353 1916 464 1956 rege,
497 1916 548 1942 ne
582 1904 683 1943 alter
704 1903 911 1958 hospitum
946 1904 1132 1945 exclusus
1164 1903 1302 1944 mensa
1323 1904 1544 1950 videretur,
1578 1913 1622 1943 ut
1644 1904 1686 1944 in

352 1961 538 2000 animum
563 1961 776 2003 induceret
804 1964 852 2002 ad
875 1962 1034 2003 easdem
1051 1964 1189 2003 venire
1207 1964 1365 2017 epulas,
1397 1961 1506 2002 haud
1527 1963 1685 2003 abnuit.

355 2018 665 2075 Coenatumque
709 2022 824 2062 fimul
858 2023 966 2076 apud
1009 2037 1147 2078 regem
1170 2021 1255 2062 est:
1291 2025 1330 2063 δε
1375 2023 1521 2062 eodem
1560 2022 1685 2063 etiam

355 2078 465 2118 Ιεᾶο
487 2080 625 2134 Scipio
661 2091 784 2135 atque
817 2081 1051 2121 Hasdrubal
1074 2081 1185 2136 (quia
1214 2081 1268 2120 ita
1287 2086 1302 2132 Η
1323 2081 1434 2121 cordi
1468 2092 1553 2121 erat
1573 2081 1682 2136 regi)

355 2137 650 2179 accubuerunt.
711 2141 845 2181 'l'anta
870 2151 1007 2181 autem
1040 2141 1169 2180 inerat
1202 2141 1372 2181 comitas
1394 2139 1592 2194 Scipioni,
1626 2153 1687 2180 at·-

356 2211 435 2251 que
457 2199 508 2238 ad
530 2199 669 2239 omnia
692 2199 888 2240 naturalis
915 2199 1069 2256 ingenii
1084 2199 1319 2251 dexteritas,
1351 2209 1395 2239 ut
1417 2212 1502 2239 non
1524 2198 1686 2256 Sypha-

352 2329 424 2346 φατε
435 2316 524 2359 fidem
541 2330 600 2347 cum
617 2317 692 2356 hoste
707 2318 796 2359 apud
815 2317 882 2351 Cic,
899 2318 922 2350 l.
951 2329 982 2358 3.
1002 2319 1043 2351 de
1057 2318 1125 2350 Off.
1147 2329 1174 2350 c.
1197 2328 1253 2360 29.
1279 2319 1311 2348 δὲ
1327 2318 1533 2361 mutarefldcm
1550 2329 1609 2346 cum
1633 2319 1684 2347 illo

353 2363 441 2402 apud
459 2363 537 2394 Ter.
555 2363 690 2395 Phorm.
710 2373 741 2403 3.
764 2374 782 2395 2
819 2374 870 2404 27.
917 2367 975 2405 (5)
991 2367 1038 2396 Sc.
1060 2373 1146 2402 ente,
1169 2365 1223 2395 vel
1239 2364 1403 2395 existente.
1451 2365 1564 2405 Qium
1591 2362 1682 2394 haud

353 2407 506 2448 cuiquam
525 2409 664 2441 dubium
681 2409 768 2441 efl'et.
815 2410 872 2451 (6)
887 2412 1109 2454 ,Quiuqneremes
1124 2412 1418 2452 conspe-Hiafiwermd.
1465 2411 1511 2440 Ea
1525 2407 1684 2439 dicuntur

354 2453 471 2491 feciffe,
496 2455 616 2495 quibus
634 2455 761 2486 causam
782 2456 811 2486 &c
831 2456 1032 2488 occasionem
1048 2457 1269 2498 praebncrnnt.
1297 2456 1376 2487 Vid.
1392 2462 1462 2486 not.
1484 2464 1512 2486 2.
1532 2454 1573 2484 ad
1587 2464 1612 2484 c.
1628 2463 1683 2494 39.

353 2499 419 2536 1-5-
440 2500 549 2541 supra.
601 2503 654 2542 (73
673 2500 830 2532 Vid.not.
852 2502 884 2533 6.
902 2504 941 2533 ad
955 2514 982 2534 c.
1005 2510 1032 2542 7.
1057 2502 1166 2544 supra.
1215 2502 1272 2542 (8)
1285 2501 1334 2532 Sic
1353 2501 1439 2532 infra
1457 2501 1477 2531 l.
1503 2508 1561 2537 41.
1580 2510 1608 2530 c.
1630 2509 1682 2530 22.

354 2546 437 2587 Quis!
448 2559 532 2575 vanos
562 2549 695 2576 tumultus
713 2547 834 2578 cic-mus?
860 2548 967 2591 Supra
987 2549 1005 2581 l.
1033 2559 1065 2587 4.
1095 2559 1121 2578 c.
1147 2549 1366 2590 52.J}diti0nes
1392 2550 1475 2578 ciete.
1525 2543 1683 2576 Similiter

346 2594 632 2633 p23t;u7,v‚pra>l'i..tn‚
656 2595 758 2624 bellum
775 2597 859 2626 ciere.

1588 2667 1678 2694 cem
