1834 3099
429 159 678 206 LIBER
710 162 871 206 XXIX.
917 163 1076 208 CAP.
1109 160 1189 207 VI.

131 277 242 320 tibus
284 277 326 320 in
355 293 452 322 eum
485 290 658 324 morem.
722 280 938 324 Postremo
964 282 1145 324 Romani
1168 295 1352 338 quoque,
1378 281 1469 340 'jam

127 339 375 394 contagione
413 339 591 395 quadam
631 347 646 393 Η
688 354 804 395 rapto
847 343 1089 398 gaudentes,
1141 354 1345 397 quantum
1395 357 1470 398 per

123 397 255 438 duces
277 398 441 449 licebat,
474 401 737 441 excurfiones
760 401 801 440 in
823 400 1003 441 hostium
1041 416 1160 457 agros
1182 401 1333 443 facere.
1401 403 1466 444 Ab

126 454 176 496 iis
197 461 222 509 †
241 458 382 512 egressi
406 460 575 513 quidam
599 459 743 500 urbem
770 460 996 501 Locrenses
1030 460 1317 510 circumventi,
1349 460 1467 502 Rhe-

122 514 325 571 giumque
349 517 540 559 abstrafti
564 517 740 559 fuerant,
768 518 810 559 in
826 533 875 560 eo
893 520 1149 573 captivorum
1168 533 1341 561 numero
1357 519 1465 562 fabri

125 573 295 628 quidam
321 575 454 628 fuere,
487 578 627 618 affueti
649 575 756 618 forte
778 580 888 632 apud
911 578 1067 620 Poenos
1090 578 1278 620 mercede
1298 592 1402 634 opus
1421 579 1463 620 in

124 647 218 674 arce
239 632 470 677 Locrorum
505 636 652 678 facere.
717 636 764 685 li,
797 638 954 692 cogniti
977 637 1026 678 ab
1054 638 1319 678 Locrensium
1352 638 1466 693 prin-

124 692 307 747 cipibus,
330 696 402 749 qui
423 696 521 751 pulsi
547 695 597 736 ab
612 695 773 736 adversa
794 694 993 747 faetione,
1018 711 1111 751 quae
1132 696 1361 737 Hannibali
1384 697 1467 738 Lo-

123 765 217 794 cros
254 755 494 804 tradiderat,
529 754 742 811 Rhegium
781 754 820 796 se
854 757 1130 805 contulerant,
1161 769 1292 810 quum
1331 766 1468 801 cetera

127 813 516 867 percuntstantibus,
550 817 611 868 (ut
638 828 726 855 mos
744 813 818 865 est,
852 814 924 870 qui
944 815 1015 855 diu
1048 814 1211 868 absunt)
1238 829 1330 869 quae
1353 814 1467 856 domi

126 882 364 926 agerentur,
395 872 722 927 ‡exposuiffent,
755 872 868 928 spem
898 873 1103 924 fecerunt,
1137 873 1162 914 fi
1185 874 1388 928 redempti
1421 887 1468 918 ac

123 930 274 970 remissi
311 930 466 984 forent,
499 947 634 973 arcem
664 932 701 973 se
743 932 792 973 iis
829 933 1065 974 tradituros.
1103 932 1158 973 ibi
1193 932 1232 973 se
1267 932 1467 984 habitare,

125 986 336 1044 fidemque
362 991 429 1033 fibi
462 1006 598 1033 rerum
624 992 812 1032 omnium
849 992 955 1033 inter
978 991 1341 1048 Karthaginienses
1373 992 1466 1035 effe.

123 1047 288 1102 Itaque,
321 1060 366 1090 ut
389 1051 459 1105 qui
485 1051 600 1092 simul
622 1057 648 1104 †
667 1051 866 1091 desiderio
889 1052 1030 1106 patriae
1052 1064 1316 1107 angerentur,
1349 1051 1469 1093 fimu'l

125 1108 351 1162 cupiditate
370 1110 562 1151 inimicos
586 1110 808 1152 ulciscendi
828 1113 1034 1161 arderent,
1067 1111 1291 1167 redemptis
1305 1122 1469 1153 extem·

125 1167 196 1222 plo
219 1167 267 1208 iis
281 1169 547 1224 remissisque,
581 1184 711 1224 quum
727 1170 914 1210 ordinem
934 1171 1103 1226 agendae
1126 1170 1184 1211 rei
1215 1169 1467 1225 composuis-

126 1225 232 1278 sent,
267 1225 474 1283 fignaque,
508 1244 600 1283 quae
617 1230 759 1284 procul
783 1230 893 1270 edita
913 1229 1190 1280 observarent,
1221 1229 1293 1284 ipsi
1311 1230 1360 1270 ad
1377 1229 1468 1271 Sei-

125 1284 294 1340 pionem
332 1287 553 1343 Syracusas
589 1288 785 1343 profe&i‚
837 1289 948 1343 apud
985 1302 1110 1343 quem
1152 1303 1246 1344 pars
1277 1288 1468 1330 exsulum

126 1356 228 1391 erat.
261 1344 486 1388 referentes
509 1347 563 1387 ibi
584 1347 775 1402 promiffa
811 1348 1087 1403 captivorum,
1117 1361 1248 1402 quum
1273 1347 1383 1402 spem
1416 1347 1467 1390 ab

126 1403 282 1445 effeaestu
304 1404 414 1446 haud
437 1413 460 1459 †
477 1405 767 1447 abhorrentem
791 1407 947 1447 consuli
971 1406 1179 1456 feciffent3
1212 1406 1367 1448 tribuni
1391 1407 1470 1447 mi·-

127 1462 249 1503 litum
273 1477 368 1504 cum
393 1465 441 1506 iis
478 1467 542 1505 M.
566 1465 736 1521 Sergius
761 1467 802 1506 &
825 1466 872 1507 Ρ.
900 1466 1112 1507 Matienus
1146 1465 1263 1516 miffi,
1290 1465 1469 1522 jussique

128 1521 179 1564 ab
205 1522 370 1578 Rhegio
388 1524 464 1565 tria
482 1524 609 1565 millia
631 1525 810 1566 militum
835 1525 993 1566 Locros
1015 1527 1194 1566 ducere:
1228 1528 1268 1567 &
1295 1526 1349 1581 Ω.
1381 1527 1472 1566 Ple·

130 1581 260 1622 minio
303 1584 546 1638 propraetori
576 1587 638 1639 (4)
669 1584 882 1639 scriptum,
927 1594 973 1625 ut
1005 1585 1063 1625 rei
1099 1585 1268 1640 agendae
1305 1584 1469 1625 adesset.

129 1639 314 1683 Profeffi
334 1642 383 1683 ab
407 1642 592 1700 Rhegio,
622 1643 746 1685 scalas
769 1645 818 1685 ad
846 1649 862 1695 ΙΙ
886 1644 1039 1684 editam
1072 1643 1333 1685 altitudinem
1366 1643 1472 1685 arcis

130 1699 349 1742 fabricatas
372 1713 599 1758 portantes,
634 1703 768 1744 media
790 1702 920 1744 ferme
943 1702 1068 1744 noaeste
1090 1717 1140 1742 ex
1161 1717 1212 1743 eo
1234 1703 1344 1752 loco,
1359 1703 1471 1744 unde

129 1772 396 1812 convenerat,
430 1762 588 1818 signum
612 1763 762 1804 dedere
794 1762 1075 1818 proditoribus
1096 1761 1213 1803 arcis.
1243 1761 1317 1816 qui
1339 1761 1471 1816 parati

128 1818 380 1875 intentique,
414 1823 453 1863 &
491 1821 561 1877 ipfi
582 1821 706 1864 scalas
735 1822 787 1862 ad
810 1823 850 1862 id
874 1821 1007 1877 ipsum
1031 1820 1163 1862 fastus
1181 1835 1312 1875 quum
1339 1821 1474 1862 demi-

131 1878 278 1930 sissent,
323 1880 592 1936 pluribusque
636 1881 753 1922 simul
790 1881 892 1922 locis
934 1880 1174 1921 scandentes
1209 1880 1469 1934 accepissent,

129 1937 370 1993 priusquam
409 1942 566 1981 clamor
602 1941 796 1991 oriretur,
829 1940 870 1980 in
893 1939 1036 1995 vigiles
1057 1939 1304 1989 Poenorum,
1339 1942 1380 1994 (5
1399 1950 1404 1974 τ
1424 1950 1470 1980 ut

131 1996 175 2036 in
216 1999 331 2038 nullo
365 1999 435 2039 tali
473 2010 603 2048 metu,
637 1998 787 2054 sopitos
823 1998 1003 2053 impetus
1035 1999 1091 2038 est
1115 1997 1263 2038 faitus
1289 2012 1471 2051 quorum

130 2055 311 2108 gemitus
327 2055 465 2113 primo
488 2059 757 2098 morientium
767 2057 1016 2107 exauditus;
1050 2056 1199 2098 deinde
1220 2056 1350 2097 subita
1372 2071 1474 2097 con-

131 2114 326 2157 sternatio
348 2131 401 2158 ex
419 2117 562 2158 somno
586 2119 626 2158 ὅτ
652 2117 872 2168 tumultus,
894 2131 1024 2170 quum
1047 2116 1166 2158 causa
1186 2116 1470 2172 ignoraretur3
1496 2151 1498 2153 .

133 2173 344 2229 postremo
362 2177 511 2217 certior
532 2190 610 2224 res,
641 2176 730 2216 aliis
752 2175 1029 2217 excitantibus
1050 2176 1163 2216 alios.
1183 2176 1354 2231 jamque
1380 2179 1395 2227 Η
1422 2174 1476 2216 ad

132 2248 246 2274 arma
260 2249 334 2290 pro
357 2235 395 2276 se
413 2235 584 2290 quisque
606 2236 790 2276 vocabat:
812 2234 919 2292 hcstes
942 2236 981 2275 in
995 2251 1082 2276 arce
1096 2236 1174 2294 ff,
1202 2234 1254 2277 Εἴ
1268 2234 1356 2274 caedi
1371 2234 1474 2290 vigi-

136 2292 202 2334 les.
221 2294 478 2349 oppressique
495 2293 633 2335 forent
652 2293 850 2343 Romani,
866 2308 1127 2348 nequaquam
1143 2308 1317 2334 numero
1338 2307 1472 2348 pares,

87 2385 90 2387 >
137 2352 370 2404 niclamor,
402 2354 452 2394 ab
470 2354 536 2404 iis,
568 2352 640 2408 qui
661 2363 774 2394 extra
793 2366 928 2393 arcem
946 2364 1076 2404 erant,
1109 2352 1308 2404 sublatus,
1338 2353 1473 2393 incer*

782 2412 826 2469 Ω
848 2424 872 2454 2
1382 2421 1474 2452 tum

142 2540 176 2564 α.
219 2531 277 2574 (4)
291 2529 373 2563 Vid.
389 2539 458 2564 not.
488 2541 519 2563 1.
538 2531 579 2563 ad
597 2542 626 2564 c.
644 2530 675 2565 8.
694 2529 717 2563 l.
735 2539 790 2564 22.
809 2529 921 2573 supra.
940 2531 1069 2576 Legatus
1085 2532 1223 2575 Scipionis
1238 2529 1372 2567 ,dicitur
1387 2529 1478 2563 insi-5.

138 2588 167 2610 ε.
185 2577 217 2610 8.
231 2587 262 2621 9.
279 2578 311 2610 &
333 2577 389 2610 16.
438 2579 477 2611 R:
494 2577 670 2625 egiumque
686 2576 1111 2621 cum-praefidioobtinuiffe
1128 2577 1275 2612 videtur.
1309 2579 1365 2622 (5)
1379 2578 1428 2613 fl.
1442 2589 1474 2612 e.

1322 2654 1337 2659 ..
1438 2633 1478 2658 ut

1613 174 1696 221 227
