1834 3099
121 158 206 216 ‘236

118 512 306 554 slve-548

841 155 895 198 T.
956 147 1180 199 L1v11

345 271 468 327 pulus
489 270 529 311 in
552 269 625 313 has
640 268 897 313 conditiones
914 286 1057 327 pacem
1086 269 1264 327 juberet.
1281 269 1568 327 jusseruntque
1588 283 1682 321 omf-

345 344 418 370 nes
441 329 597 371 tribus:
627 330 739 385 quia,
772 330 884 372 verso
920 332 962 372 in
984 330 1169 372 Africam
1203 328 1330 382 bello,
1360 330 1555 370 omnibus
1589 330 1685 370 aliis

346 388 388 428 in
411 388 625 443 praesentia
646 388 769 430 levari
791 390 982 431 volebant
1003 389 1133 430 bellis.
1196 387 1547 443 P.Scmpronius,
1576 401 1681 444 pace

346 444 474 497 faeta,
505 449 557 489 ad
580 448 837 489 consulatum
860 449 1041 489 Romam
1061 448 1238 489 decessit.

407 506 595 548 X111.P.
617 507 880 562 Sempronio,
913 508 980 549 M.
1002 507 1200 548 Cornelio
1218 504 1482 548 consulibus'
1492 504 1686 561 quintus-

118 571 147 591 ³
166 562 204 592 C*
217 569 298 598 ²04·
347 565 576 608 decimus
567 581 601 606 is
637 581 769 607 annus
787 566 936 610 Punici
967 566 1063 607 belli
1085 569 1188 621 erat)
1211 565 1449 620 provmciae,
1482 565 1681 606 Cornelio

117 606 170 637 M
190 607 304 637 Corne

117 652 174 687 lio
190 653 225 682 p
242 653 331 682 Sem
349 624 512 666 Etruria
543 639 638 666 cum
670 627 732 681 (1)
752 637 888 667 vetere
919 624 1121 678 exercitu,
1151 624 1399 680 Sempronio
1435 624 1603 675 Bruttii,
1634 633 1683 665 ut

116 693 332 741 pronioeois.
348 698 473 725 novas
489 683 681 725 scriberet
702 684 900 739 legiones,
931 685 1121 726 decretae.
1183 683 1455 734 Praetoribus,
1484 684 1548 724 M.
1563 684 1681 724 Mar-

119 795 306 829 annciae.

346 743 413 784 cio
448 743 618 793 urbana,
650 744 700 784 L.
733 743 952 785 Scribonio
995 743 1144 785 Liboni
1181 742 1412 798 peregrum,
1458 744 1500 783 &
1542 742 1681 783 eidem

347 801 499 848 Gallia,
533 801 592 842 M.
621 803 853 858 Pomponio
887 802 1081 844 Mathoni
1112 803 1266 852 SiciliA,
1296 801 1366 842 Ti.
1394 801 1572 843 Claudio
1592 800 1684 842 Ne-

345 861 437 902 roni
458 860 645 902 Sardinia
667 861 818 902 evenit.
875 864 921 904 P.
943 862 1128 917 Scipioni
1151 876 1247 903 cum
1270 875 1320 902 eo
1346 861 1549 909 exercitu,
1581 874 1680 901 cum

345 935 391 961 ea
409 920 541 972 classe,
572 935 695 975 quam
713 919 905 970 habebat,
936 932 1203 976 prorogatum
1227 921 1268 960 in
1287 934 1441 961 annum
1458 920 1682 974 imperium

345 979 416 1020 est.
452 980 550 1020 item
579 979 613 1021 P
653 979 832 1029 Licinio,
861 990 908 1020 ut
937 980 1123 1021 Bruttios
1146 994 1243 1020 cum
1266 978 1426 1020 duabus
1448 978 1684 1035 legionibus

345 1038 566 1088 obtineret,
597 1039 733 1093 quaid
755 1053 851 1079 eum
880 1038 923 1078 in
958 1038 1170 1096 provincia
1201 1053 1298 1079 cum
1335 1038 1507 1093 imperio
1530 1038 1684 1078 morari

346 1096 545 1138 consulie
564 1097 773 1153 republica
793 1096 922 1138 visum
944 1098 1052 1138 effet.
1116 1097 1169 1138 Et
1189 1097 1253 1138 M.
1276 1096 1414 1147 Livio,
1449 1099 1487 1138 δι
1507 1097 1579 1151 Sp.
1597 1096 1685 1137 Lu-

346 1156 493 1206 cretio,
523 1171 620 1197 cum
648 1156 757 1197 binis
778 1156 1026 1212 leg-ionibus,
1057 1156 1210 1211 quibus
1230 1154 1425 1196 adversus
1449 1156 1682 1209 Magonem

348 1216 499 1258 Galliae
521 1215 706 1271 praesidio
725 1215 905 1266 fuissent,
938 1226 1206 1272 prorogatum
1240 1214 1462 1270 imperium
1494 1217 1567 1255 est.
1629 1214 1684 1256 Et

349 1274 431 1317 Cn.
454 1274 648 1325 octavio,
667 1284 729 1324 ut,
758 1289 888 1330 quum
907 1275 1143 1317 Sardiniam
1164 1274 1453 1330 legionemque
1466 1273 1535 1314 Ti.
1559 1272 1689 1315 Clau-

348 1334 420 1375 dio
436 1333 672 1384 tradidisset,
705 1333 786 1389 ipse
804 1334 976 1376 navibus
993 1334 1126 1391 longis
1143 1333 1415 1390 quadraginta
1432 1332 1684 1374 maritimam

348 1407 484 1442 oram,
516 1392 666 1448 quibus
699 1392 854 1434 finibus
883 1393 1046 1435 senatus
1076 1392 1308 1445 censuiffet,
1339 1402 1556 1434 tutaretur.
1616 1392 1685 1433 M.

349 1452 583 1518 Pomponio
604 1452 770 1507 praetori
793 1452 836 1492 in
866 1452 1005 1495 Sicilia
1030 1452 1257 1495 Cannensis
1288 1451 1493 1494 exercitus
1513 1452 1609 1492 duae
1628 1451 1688 1491 le-

348 1511 494 1567 giones
515 1511 705 1552 decretae.
764 1511 821 1554 T.
850 1511 1082 1570 Qincffius
1101 1514 1165 1566 (2)
1183 1511 1432 1561 Tarentum,
1464 1509 1514 1552 C.
1541 1509 1688 1551 Hosti-

350 1570 432 1611 lius
471 1569 664 1611 subulus
696 1569 905 1625 Capuam,
934 1580 1225 1626 propraetores,
1257 1569 1356 1611 ficut
1391 1568 1526 1624 priore
1556 1582 1689 1620 anno,

350 1630 448 1669 c'urn
469 1639 604 1669 vetere
627 1639 800 1684 uterque
829 1630 1029 1683 praefidio,
1059 1628 1306 1670 obtinerent.
1370 1627 1439 1669 De
1471 1627 1685 1683 Hispaniae

351 1687 544 1742 imperio,
576 1702 680 1742 quos
700 1688 742 1728 in
765 1702 854 1728 eam
877 1687 1133 1743 provinciam
1154 1689 1259 1730 duos
1288 1686 1552 1743 proconsules
1573 1687 1687 1732 mitti

351 1747 545 1801 placeret,
577 1747 708 1787 1ιωηι
742 1747 792 1786 ad
814 1748 1015 1803 populum
1038 1746 1112 1788 est.
1172 1747 1335 1788 Omnes
1356 1745 1487 1787 tribus
1503 1744 1686 1796 eoslem

350 1805 401 1845 L.
425 1805 665 1847 Cornelium
686 1805 913 1849 Lentulum
937 1807 978 1847 ἃ
999 1806 1048 1847 L.
1079 1806 1292 1848 Manlium
1318 1804 1558 1853 Acidinum,
1588 1819 1686 1859 pro..

351 1863 556 1914 consules,
589 1864 691 1904 sicut
726 1864 860 1920 priore
882 1879 990 1905 anno
1022 1864 1256 1912 tenuifl'ent,
1287 1863 1473 1907 obtinere
1496 1876 1564 1903 eas
1587 1877 1684 1918 pro-

350 1922 733 1978 vinciasjufl'erunt.
778 1922 977 1964 Consules
998 1923 1208 1964 delectum
1229 1921 1379 1963 habere
1402 1920 1687 1972 instituerunt,

353 1983 398 2037 &p
417 1982 467 2021 ad
490 1995 614 2022 novas
637 1980 867 2022 scribendas
889 1982 930 2022 in
953 1983 1139 2023 Bruttios
1158 1981 1356 2037 legiones,
1391 1982 1429 2022 &
1453 1980 1496 2020 in
1529 1990 1688 2021 cetero-

351 2054 443 2080 rum
470 2039 541 2093 (ita
570 2040 680 2081 enim
698 2040 790 2097 juffi
823 2040 872 2082 ab
895 2040 1035 2082 senatu
1067 2043 1202 2095 erant)
1234 2039 1492 2081 exercituum
1524 2038 1696 2095 supple*

350 2109 554 2140 mentum.

409 2156 531 2200 XIV.
565 2157 818 2216 Qanquam
841 2159 1026 2199 nondum
1050 2156 1188 2212 aperte
1213 2157 1357 2198 Africa
1379 2155 1590 2212 provincia
1612 2156 1685 2198 de-

351 2225 462 2257 creta
475 2225 576 2267 erat,
612 2216 933 2274 (occultantibus
951 2219 1007 2269 id,
1040 2217 1180 2268 credo,
1201 2215 1406 2266 Patribus,
1429 2229 1480 2261 ne
1503 2218 1689 2270 (ἢρκε-

1467 2273 1685 2319 sciscerent

397 2406 435 2440 C.
456 2408 684 2449 13.(1)Cum
699 2419 739 2441 eo
755 2407 916 2447 exercitu,
942 2418 1044 2451 quem
1057 2407 1228 2445 Arretium
1243 2407 1367 2440 duxisse
1391 2406 1544 2444 Laevinus
1560 2417 1686 2439 memo·

351 2462 444 2485 ratur
472 2454 493 2485 l.
515 2454 566 2485 28.
581 2461 663 2485 extr.
709 2455 766 2496 (2)
783 2455 860 2486 Vid.
886 2462 958 2488 not.
974 2466 1002 2493 4.
1021 2447 1110 2486 ade
1131 2464 1187 2494 45.
1211 2454 1234 2486 l.
1266 2455 1318 2486 28.
1344 2454 1454 2496 supra.
1507 2454 1607 2485 Hune
1623 2451 1687 2485 effe

349 2499 393 2530 Τ.
415 2498 610 2543 Qinetium
629 2499 863 2539 Flamininum,
885 2502 943 2543 qui
961 2500 1070 2544 postea
1098 2499 1293 2544 Philippum
1311 2510 1421 2544 regem
1448 2498 1583 2537 devicit,
1605 2508 1688 2530 con·

349 2543 409 2577 ssat
427 2555 465 2576 ex
481 2544 569 2577 Plut.
584 2544 619 2576 in
636 2545 706 2588 ejus
722 2545 802 2578 vita.

396 2610 506 2648 014·
525 2609 677 2653 (1)Vid.
694 2617 764 2643 not.
781 2620 814 2652 3.
840 2610 927 2644 ade.
953 2620 1007 2653 35.
1036 2611 1059 2644 l.
1085 2618 1139 2654 27.
1161 2610 1274 2655 supra.
1322 2608 1389 2643 Hic
1406 2607 1684 2690 tamenGplat-eret

1547 2663 1685 2691 renova
