1834 3099
380 143 625 190 LIBER
682 141 888 188 XXVIII.
939 141 1092 185 CAP.
1141 141 1219 185 XI.

140 257 516 318 hostiismajoribus
531 275 750 320 procurare
764 259 1475 320 juffi,&supplicationem(1)unum

139 317 250 358 diem
279 319 443 364 habere.
503 323 561 365 Ea
583 337 633 363 ex
655 319 1003 362 senatusconsulto
1031 320 1158 361 saeta.
1218 319 1317 359 Plus
1338 319 1476 359 omni-

139 374 216 418 bus
237 389 308 419 aut
339 381 545 424 nunciatis
583 394 768 436 peregre,
798 390 868 421 aut
889 379 980 420 vifis
1002 379 1116 420 domi
1146 377 1360 433 prodigiis,
1393 388 1475 419 ter-

138 435 222 476 ruit
243 438 404 481 animos
423 441 643 482 hominum
665 439 771 496 ignis
793 439 835 479 in
865 439 952 480 aede
976 438 1110 479 'testae
1129 436 1369 478 exstinctus.
1393 451 1474 478 cae-

140 492 263 548 saque
286 497 414 552 flagro
437 500 495 541 est
520 499 714 548 Vestalis,
746 499 865 554 cujus
888 496 1071 539 custodia
1102 495 1239 537 noetis
1256 496 1346 552 ejus
1379 495 1468 536 fue-

1622 144 1702 200 ¹65·

1490 481 1571 522 Ignis
1584 483 1613 513 r’n
1631 487 1689 520 ndo

1492 529 1525 558 V
1521 528 1588 566 esta·
1603 543 1656 563 ex-

137 564 215 604 mt’
261 556 369 612 juffu
411 558 458 599 P.
501 558 652 602 Licinii
689 556 911 612 pontificis.
974 557 1022 596 Id
1059 569 1315 610 quanquam,
1366 555 1614 622 nihfflstifflus.

137 616 481 666 portendentibus
514 618 634 668 Deis,
665 614 852 658 ceterum
876 615 1126 671 negligentia
1148 614 1329 654 humana
1363 629 1470 655 acci-

137 671 270 723 derat,
303 684 441 716 tamen
465 681 505 719 &
527 676 669 718 hostiis
692 674 916 730 majoribus
938 673 1164 729 procurari,
1198 674 1238 713 &
1268 672 1472 729 supplica*

134 730 290 773 tionem
320 736 370 775 ad
394 735 530 777 Vestae
550 734 691 777 haberi
728 734 896 789 placuit.
957 732 1202 787 Priusquam
1237 730 1471 786 proficisce-

1489 743 1585 775 Plcbr's
1596 745 1625 775 in
1638 757 1673 776 a-

133 801 278 832 rentur
299 793 486 836 consules
522 796 572 835 ad
595 795 766 845 bellum,
798 792 945 834 moniti
978 790 1027 833 ab
1050 792 1189 832 senatu
1226 790 1334 839 sunt,
1367 800 1409 830 ut
1429 792 1469 830 in
1483 800 1554 830 ἕνθ’
1571 792 1652 821 redu·

134 864 246 903 agros
281 852 492 896 reducendae
527 855 644 908 plebis
675 868 808 893 curam
840 852 1028 893 haberent.
1091 850 1223 891 Deikm
1245 851 1470 904 benignitate

121 907 353 961 fitmmotum
373 912 506 953 bellum
523 913 568 952 ab
582 913 671 954 urbe
692 913 873 958 Romans?
900 912 952 953 ξδ’
979 911 1085 951 Latio
1105 910 1180 966 effi,
1217 909 1270 951 ξδ’
1286 909 1470 965 pcffi‘stne

133 975 236 1008 metu
251 969 291 1008 in
303 972 409 1024 agris
430 971 613 1012 habitari.
678 969 856 1011 Minime
876 971 1086 1018 convenire,
1102 972 1164 1024 (2)
1185 968 1329 1019 Siciliae‚
1352 968 1469 1023 quci'm

136 1024 270 1080 Italae,
301 1029 453 1070 colendae
474 1033 650 1087 majorem
672 1046 803 1070 curam
820 1030 895 1087 ff.
954 1029 1037 1070 Sed
1059 1043 1122 1069 res
1143 1027 1468 1083 haudquaquam

131 1095 219 1125 erat
241 1089 396 1142 populo
418 1089 565 1139 facilis,
597 1093 634 1131 &
657 1089 793 1130 liberis
826 1088 1054 1130 cultoribus
1080 1086 1189 1128 bello
1226 1086 1469 1141 absumptis,

136 1145 173 1183 8<
200 1143 335 1201 inopia
360 1147 636 1201 servitiorum,
669 1150 710 1189 δι’
733 1162 881 1203 pecore
904 1148 1081 1202 direptO,
1110 1145 1296 1200 villisque
1320 1145 1470 1187 dirutis

133 1213 204 1242 aut
222 1204 408 1247 incensis.
425 1222 572 1263 magna
591 1219 728 1248 tamen
744 1222 836 1264 pars
851 1207 1096 1248 auctoritate
1114 1205 1330 1246 consulum
1354 1218 1468 1245 com-

130 1262 246 1315 pulsa
269 1264 310 1304 in
343 1280 463 1321 agros
496 1268 745 1323 remigravit.
811 1268 1034 1307 Moverant
1056 1274 1194 1305 autern
1215 1262 1386 1320 hujusce
1409 1264 1469 1305 rei

132 1322 388 1364 mentionem
411 1325 746 1367 Placentinorum
773 1328 810 1366 8<
835 1324 1175 1366 Cremonensium
1197 1323 1336 1378 legati,
1367 1337 1470 1377 que-

130 1390 282 1431 rentes,
315 1397 460 1438 agrum
485 1385 604 1425 suum
627 1385 677 1425 ab
700 1385 849 1426 accolis
873 1384 1004 1425 Gallis
1020 1381 1214 1424 incursari
1237 1396 1282 1423 ac
1304 1381 1469 1433 vastari,

129 1451 409 1496 magnamque
431 1454 590 1498 partem
623 1446 867 1485 colonorum
891 1443 1057 1483 suorum
1080 1440 1277 1496 dilapsam
1299 1441 1392 1490 effe,
1426 1444 1468 1484 δε

133 1497 417 1555 infrequentes
441 1503 479 1543 se
518 1503 656 1554 urbes,
686 1518 829 1559 agrurn
857 1508 872 1554 ΙΙ
895 1502 1055 1543 vastum
1088 1515 1133 1541 ac
1167 1499 1373 1540 desertum
1395 1498 1471 1540 ha-

131 1556 241 1600 bere.
305 1560 497 1602 Mamilio
521 1563 686 1617 praetori
710 1563 970 1613 mandatum,
1003 1570 1048 1601 ut
1076 1559 1260 1601 colonias
1281 1558 1331 1599 ab
1353 1558 1468 1600 hoste

131 1626 330 1661 tueretur.
394 1620 592 1664 Consules
609 1636 662 1662 ex
686 1620 1033 1662 senatusconsulto
1047 1619 1280 1667 edixerunt,
1314 1628 1377 1669 ut,
1396 1618 1468 1672 qui

130 1676 241 1718 cives
264 1678 562 1722 Cremonenses
586 1692 709 1735 atque
749 1680 978 1722 Placentini
1010 1678 1150 1728 essent,
1183 1688 1277 1717 ante
1308 1687 1467 1718 certam

130 1737 241 1776 diem
273 1737 315 1778 in
337 1740 518 1781 colonias
545 1750 862 1785 reverterentur.
894 1738 1098 1795 principio
1121 1737 1270 1778 deinde
1292 1736 1398 1778 veris
1423 1739 1464 1778 &

130 1795 202 1852 ipfi
225 1797 275 1837 ad
298 1799 453 1839 bellum
471 1798 649 1854 profecti
673 1799 777 1840 sunt.
842 1798 916 1858 Q
934 1797 1128 1840 Caecilius
1146 1795 1287 1837 consul
1311 1795 1467 1836 exerci-

131 1865 222 1895 tum
243 1855 292 1896 ab
315 1858 366 1899 C.
391 1857 578 1910 Nerone,
610 1859 659 1899 L.
683 1858 884 1899 Veturius
919 1857 969 1897 ab
990 1855 1252 1922 QClaudio
1284 1869 1460 1909 proprae-

130 1923 219 1956 tore
242 1917 414 1971 accepit,
447 1917 643 1972 novisque
666 1917 883 1968 militibus,
917 1930 1020 1970 quos
1044 1913 1125 1969 ipse
1154 1913 1464 1968 conscripserat,

132 1972 347 2027 supplevit.
409 1976 458 2015 In
496 1975 795 2021 Consentinum
830 1989 976 2030 agrum
1011 1972 1197 2018 consules
1234 1973 1464 2014 exercitum

129 2033 358 2082 duxerunt,
390 2033 613 2088 passimque
636 2034 893 2089 depopulati,k
923 2046 1053 2087 quum
1071 2032 1314 2088 agmenjam
1338 2046 1463 2087 grave

130 2092 269 2145 praeda
301 2092 411 2141 esset,
444 2093 485 2133 in
521 2092 621 2133 saltu
645 2092 817 2148 angusto
839 2107 860 2132 a
883 2091 1055 2132 Bruttiis
1083 2090 1463 2147 jaculatoribusque

131 2149 330 2192 Numidis
352 2152 506 2193 turbati
538 2151 661 2201 sunt3
692 2153 746 2191 ita
784 2162 827 2192 ut
849 2165 931 2191 non
955 2151 1092 2205 praeda
1110 2153 1189 2204 (3),
1221 2148 1289 2189 sed
1317 2150 1463 2191 armati

131 2223 298 2264 quoque
323 2210 364 2252 in
387 2211 570 2265 periculo
588 2210 758 2255 fuerint.
776 2211 905 2266 major
922 2219 1059 2250 tamen
1083 2209 1301 2255 tumultus,
1335 2209 1464 2262 quam

1486 837 1573 867 cende
1583 848 1667 869 cure.

1487 1822 1557 1867 (ἥθ’.
1568 1824 1707 1860 ιἠΒνυΙ-.

1483 1870 1535 1901 lios
1552 1877 1624 1902 eunt.

131 2283 287 2324 pugna,
320 2268 425 2311 fuit:
461 2273 498 2312 δι
534 2270 740 2324 praemissa
770 2269 921 2325 praeda,
954 2269 1183 2309 incolumes
1212 2270 1251 2310 ἃ
1278 2268 1491 2323 legiones‘

131 2327 174 2368 in
212 2329 301 2369 loca
324 2338 412 2369 tuta
434 2329 607 2370 evasere.
670 2329 770 2369 Inde
798 2329 840 2368 in
873 2328 1065 2368 Lucanos
1096 2325 1289 2381 profecti.
1313 2341 1359 2366 ea
1383 2328 1463 2370 sine

130 2387 356 2428 certamine
379 2398 464 2429 tota
485 2402 586 2445 gens
608 2387 651 2428 in
668 2388 867 2429 ditionem
890 2387 1033 2445 populi
1048 2385 1232 2427 Romani
1251 2386 1386 2428 rediit.

177 2507 214 2539 C.
235 2514 286 2539 ιι.
299 2507 355 2548 (1)
370 2505 420 2538 sic
438 2506 537 2549 supra
555 2507 576 2538 1.
594 2516 650 2547 25.
668 2518 695 2539 c.
714 2515 743 2547 7.
758 2509 828 2538 diem
840 2507 1185 2550 unumsupplicatiofuit.
1205 2505 1236 2536 δε
1249 2505 1270 2536 l.
1289 2514 1342 2542 27.
1361 2518 1390 2539 c.
1407 2517 1463 2547 37.

133 2549 167 2583 δε
183 2552 272 2585 alibi.
293 2553 380 2585 infr}
395 2552 416 2583 l.
431 2563 485 2591 40.
497 2564 525 2585 c.
549 2555 914 2596 19-trlduumsitpplicotio
937 2556 1069 2595 &ferie
1081 2553 1171 2596 ffnt.
1217 2552 1275 2594 (2)
1297 2552 1464 2585 Nimirum

133 2598 286 2631 Laevinus
317 2598 432 2631 sedulo
462 2609 599 2641 operam
625 2600 774 2636 dederat,
795 2607 829 2631 ut
848 2598 971 2630 vastata
1002 2598 1099 2631 bellis
1115 2597 1226 2631 Sicilia
1249 2599 1466 2632 recoleretur.

136 2643 216 2682 vid.
230 2644 328 2690 supra
347 2645 369 2684 l..
392 2644 441 2679 2⁶.
460 2655 488 2686 ς.
505 2655 557 2685 4ο.
575 2646 607 2678 ἃ
625 2646 646 2679 l.
665 2654 721 2686 27.
735 2656 765 2678 c.
783 2655 817 2686 5.
865 2646 924 2689 (3)
937 2645 1193 2689 Suppleeanttsm.
1244 2687 1328 2735 XII
1357 2688 1392 2732 C

1335 2724 1341 2731 .
1395 2702 1466 2735 um
