1834 3099
193 195 270 234 182

189 803 292 833 Sedillo
306 814 388 832 exer—

185 847 252 878 citzis
272 850 314 878 ad
326 849 381 879 Su-

186 906 305 926 ‘runem-

279 992 305 1039 ,Γ

922 178 1241 232 T.L1V11

417 321 512 349 vera
546 306 681 348 fuisset
703 308 854 357 clades,
885 322 1015 362 quum
1041 322 1175 348 -vanus
1208 320 1350 348 rumor
1380 315 1512 347 tantas
1547 304 1749 360 procellas

417 365 633 408 excivisset.
658 381 740 406 non
765 366 861 408 socii
884 366 925 406 in
949 366 1045 409 fide.
1079 381 1161 406 non
1186 366 1390 406 exercitus
1411 363 1450 404 in
1474 364 1610 405 officio
1633 374 1749 403 man-

419 425 476 465 sit.
541 425 796 466 Mandonius
824 429 865 468 δι
900 424 1102 474 Indibilis,
1135 424 1284 479 quibus
1322 424 1434 478 (quia
1462 437 1636 478 regnum
1676 421 1747 462 {ibi

417 483 642 538 Hispaniae,
674 485 795 539 pulsis
818 484 912 524 inde
934 483 1357 539 Karthaginiensibus,
1394 482 1643 523 destinarant
1659 480 1747 521 ani-

417 542 632 597 mis)nihil
658 545 720 597 (2)
742 557 816 598 pro
850 541 916 598 spe
945 543 1188 598 contigerat,
1222 541 1438 583 concitatis
1478 540 1745 596 popularibus

417 602 629 652 (Lacetani
652 603 714 657 (3)
731 612 868 643 autem
899 606 1032 655 erant)
1053 604 1088 642 8<
1105 602 1322 657 juventute
1345 599 1649 641 Celtiberorum
1671 612 1746 639 ex-

416 660 496 701 cita
533 663 611 716 (4),
656 674 800 716 agrum
835 661 1118 701 Suessetanum
1161 660 1497 713 Sedetanumque
1539 658 1743 699 sociorum

416 719 558 774 populi
595 720 777 761 Romani
814 719 1013 759 hostiliter
1035 719 1272 773 depopulati
1308 718 1413 758 sunt.
1475 717 1621 759 Civilis
1643 716 1746 757 alius

416 777 532 818 furor
550 778 592 818 in
614 778 752 820 castris
768 779 818 819 ad
838 778 1065 818 Sucronem
1090 788 1218 818 ortus.
1282 777 1397 818 Οὲὶο
1418 775 1474 817 ibi
1490 776 1616 816 millia
1638 775 1746 815 mili-

416 846 505 877 tum
527 848 672 886 erant;
705 837 936 891 praesidium
958 835 1166 892 gentibus,
1200 851 1293 891 quae
1315 839 1377 891 (ς)
1399 834 1458 876 cis
1492 834 1657 875 Iberum
1681 833 1743 874 in-

414 896 570 945 colunt,
603 896 850 951 impositum.
914 896 1045 935 Motae
1066 905 1203 936 autem
1217 908 1362 935 eorum
1381 904 1538 935 mentes
1553 893 1645 934 sunt
1659 904 1743 933 non

412 964 500 994 tum
524 954 724 1009 primum,
757 968 886 1008 quum
904 955 954 993 de
976 954 1056 993 vita
1073 954 1328 1008 imperatoris
1348 956 1409 1008 (6)
1425 953 1537 993 dubii
1554 966 1742 993 rumores

411 1013 520 1053 allati
543 1012 664 1062 sunt;
694 1013 762 1053 sed
779 1014 866 1067 jam
890 1011 998 1060 ante,
1030 1011 1194 1052 licentia
1215 1027 1263 1052 ex
1286 1012 1461 1061 diutino,
1495 1022 1541 1052 ut
1558 1011 1621 1061 fit,
1653 1011 1739 1051 otio

410 1071 600 1120 collecta,
635 1073 673 1112 ἃ
698 1071 906 1121 nonnihil,
938 1069 1052 1125 quod
1075 1071 1117 1110 in
1143 1077 1157 1122 Η
1177 1071 1485 1111 hosticolaxii'is
1513 1080 1630 1125 rapto
1654 1069 1741 1109 sue-

410 1131 461 1171 tis
475 1130 608 1171 vivere
630 1136 655 1184 †
674 1130 842 1170 artiores
858 1129 899 1169 in
920 1144 1018 1184 pace
1042 1143 1105 1170 res
1127 1140 1257 1170 erant.
1301 1131 1364 1171 Ac
1382 1127 1517 1183 primo
1535 1129 1740 1169 sermones

408 1192 572 1229 tantum
590 1189 741 1230 occulti
756 1188 1008 1238 serebantur,
1024 1187 1066 1242 fi
1086 1189 1217 1228 bellum
1239 1190 1279 1227 in
1297 1189 1498 1241 provincis}
1527 1188 1620 1244 fft,
1649 1188 1743 1241 quicl

394 1249 474 1304 stse
494 1250 594 1288 inter
623 1256 779 1301 pacatos
783 1247 920 1304 facere
934 1249 955 1286 ,θ
971 1246 1013 1302 fi
1033 1247 1249 1287 debellatum
1267 1249 1358 1302 jam
1386 1247 1438 1288 {5⁹
1457 1249 1619 1302 consebla
1647 1257 1738 1300 pro-

409 1308 537 1347 vincia
559 1308 652 1363 effug
682 1322 753 1346 cur
772 1308 812 1346 in
829 1306 983 1346 Italiam
1013 1321 1082 1345 non
1104 1306 1256 1346 revehi?
1290 1305 1538 1359 Flagitatum
1572 1319 1738 1360 quoque

408 1365 655 1421 stipendium
670 1365 901 1420 procacius,
933 1363 1058 1418 quam
1087 1379 1137 1405 ex
1159 1379 1271 1405 more
1287 1366 1325 1404 ἃ
1345 1364 1543 1405 modestia
1571 1364 1738 1404 militari

407 1433 518 1465 erat·
549 1427 590 1466 ἃ·
615 1423 665 1464 ab
687 1423 924 1465 custodibus
947 1423 1095 1477 probra
1119 1423 1159 1463 in
1173 1424 1477 1464 circumeuntes
1493 1423 1651 1478 vigilias
1666 1423 1738 1462 tri-

406 1483 540 1524 bunos
555 1483 694 1539 jac'ta:
729 1486 768 1524 &
793 1482 922 1523 noctu
944 1482 1113 1536 quidam
1135 1485 1363 1537 praedatum
1396 1482 1437 1521 in
1459 1496 1603 1537 agrum
1627 1481 1737 1522 circa

406 1551 599 1596 pacatum
617 1542 775 1582 ierant:
806 1538 1012 1596 postremo
1029 1542 1207 1581 interdiu
1224 1556 1271 1582 ac
1289 1542 1499 1595 propalam
1516 1541 1737 1594 fine†corn-

407 1610 546 1641 meatu
583 1599 632 1641 ab
656 1601 774 1656 signis
793 1599 973 1640 abibant.
997 1600 1136 1639 omnia
1172 1599 1340 1640 libidine
1376 1614 1422 1640 ac
1444 1600 1609 1640 licentia
1631 1600 1737 1640 mili-

408 1668 514 1710 tum,
545 1659 648 1698 nihil
670 1659 855 1699 instituto
873 1673 918 1699 ac
941 1658 1153 1712 disciplina
1168 1659 1341 1707 militiae,
1373 1668 1444 1699 aut
1473 1658 1646 1714 imperio
1667 1673 1738 1699 eo-

408 1731 517 1767 rum,
549 1717 620 1772 qui
634 1728 852 1772 praeerant,
884 1716 1114 1773 gerebatur.
1129 1717 1262 1758 forma
1283 1728 1420 1758 tamen
1446 1717 1735 1759 Romanorum

410 1776 634 1817 castrorum
668 1776 878 1817 constabat
895 1774 977 1816 un&
997 1776 1044 1816 ea
1061 1775 1146 1830 spe,
1178 1776 1292 1831 quod
1314 1776 1500 1817 tribunos
1523 1791 1571 1817 ex
1593 1787 1734 1817 conta-

407 1836 529 1890 gione
550 1835 701 1876 furoris
722 1835 833 1875 haud
854 1843 1041 1889 expertes
1064 1834 1271 1877 seditionis
1299 1834 1625 1890 defectionisque
1660 1836 1736 1875 rati

407 1893 511 1943 sore,
547 1894 694 1949 &jura
711 1894 880 1935 reddere
913 1894 955 1932 in
977 1897 1000 1945 ss
1022 1893 1233 1947 principiis
1268 1893 1464 1942 sinebant,
1502 1896 1540 1934 81
1567 1897 1631 1950 (7)
1661 1894 1735 1950 fig-

406 1966 508 1993 num
531 1951 580 1992 ab
601 1951 659 1992 eis
693 1951 904 2007 petebant,
938 1953 979 1994 &
1013 1951 1056 1990 in
1079 1951 1273 1994 stationes
1295 1968 1340 1994 ac
1365 1952 1524 2009 vigilias
1545 1953 1587 1992 in
1623 1954 1734 1993 ordi-

407 2024 505 2058 nem⁴
533 2010 670 2051 ibant:
700 2013 759 2062 ἃ,
791 2020 838 2051 ut
871 2010 955 2050 vim
984 2009 1147 2065 imperii
1176 2011 1439 2061 abstulerant,
1471 2011 1525 2051 ita
1558 2012 1732 2067 speciem

404 2069 520 2111 dieto
541 2069 791 2124 parentium,
823 2070 932 2110 ultro
955 2067 1025 2109 fibi
1046 2070 1310 2125 imperantes,
1343 2069 1566 2113 servabant.
1627 2071 1736 2112 Ern-

1671 2129 1734 2185 pit

409 2264 463 2302 (Ξ)
496 2264 590 2296 Nihil
617 2264 684 2296 tale
707 2262 904 2306 contigerat,
926 2263 1024 2306 quale
1052 2264 1275 2307 speraverant.
1321 2265 1378 2306 (3)
1395 2264 1602 2297 Mandonius
1619 2269 1733 2309 regzlus

408 2312 560 2353 Hergetum
584 2308 707 2342 dicitur
722 2309 821 2351 supra}
837 2309 859 2340 l.
880 2309 933 2341 26.
950 2321 977 2340 c.
1000 2319 1056 2351 49.
1082 2311 1115 2340 δι
1145 2310 1371 2341 Mandonium
1400 2311 1640 2352 Indibilemque
1665 2322 1733 2343 non

408 2356 516 2387 minus
532 2355 695 2397 llergetes‚
716 2360 816 2397 quam
832 2357 1026 2393 Lacetanos,
1048 2356 1090 2386 ad
1115 2355 1329 2387 rebellionem
1347 2356 1528 2397 perlexiffe,
1550 2357 1674 2389 constat
1690 2367 1730 2388 ex

409 2411 438 2433 c.
453 2410 506 2440 27.
519 2401 552 2433 &
566 2411 618 2440 34.
634 2400 733 2434 infra
760 2401 890 2432 Tamen
906 2399 1095 2433 interdum'
1088 2412 1122 2431 m
1135 2400 1205 2443 ipsa
1214 2400 1274 2432 hac
1291 2400 1424 2433 historia
1438 2400 1588 2444 llergetes
1602 2402 1730 2434 solino

407 2445 590 2485 minantur,
598 2454 634 2478 ut
647 2457 673 2477 c
677 2455 727 2486 3¹·
731 2446 819 2487 &34
831 2445 948 2478 verum
964 2444 1019 2478 hle
1033 2444 1093 2478 soli
1103 2446 1273 2479 Lacetani.
1288 2447 1485 2495 (4)Supral.
1489 2458 1517 2485 4.
1521 2458 1547 2479 c
1551 2455 1582 2488 9.
1593 2448 1676 2479 Plebs
1690 2451 1733 2479 ad

409 2495 626 2534 expugnandam
632 2494 724 2533 secum
741 2494 871 2523 Ardeam
890 2493 1005 2534 Volscos
1016 2495 1158 2523 excivere.
1176 2492 1201 2525 l.
1220 2502 1247 2531 7.
1264 2504 1288 2523 c.
1294 2502 1322 2532 7.
1349 2490 1435 2524 Omne
1452 2494 1609 2524 Hernicum
1625 2506 1734 2532 nomen,

407 2539 495 2567 omnis
511 2540 648 2568 militaris
663 2545 732 2569 aetas
760 2540 885 2568 excitur:
912 2537 945 2568 δι
961 2536 1038 2569 alib!
1062 2537 1154 2579 saepe·
1201 2538 1257 2580 (5)
1273 2541 1379 2570 Sucro
1402 2537 1539 2580 quidem
1563 2538 1727 2580 oppidum

407 2581 441 2612 ἃ
459 2580 576 2614 fluvius
596 2582 683 2614 ultra
698 2583 830 2614 Iberum
843 2581 897 2621 est,
918 2582 973 2614 sed
988 2582 1078 2615 haud
1093 2593 1216 2626 magno
1227 2583 1417 2616 intervallo
1462 2581 1520 2624 (6)
1534 2584 1581 2614 Le
1582 2586 1729 2628 gendum

406 2625 551 2666 videtur,
573 2638 612 2660 cx
634 2628 787 2661 codicum
809 2626 962 2674 vestigiis,
998 2628 1077 2661 dubie*
1090 2629 1105 2670 ξ
1119 2630 1241 2662 allatum
1264 2628 1318 2670 est.
1363 2627 1420 2671 (7)
1436 2628 1488 2660 Sic
1510 2594 1604 2661 infra
1615 2640 1643 2662 c.
1670 2639 1728 2670 27.

1628 2677 1730 2719 'gnum
