1834 3099
853 197 906 241 Τ.
968 198 1190 241 L1V11
1535 236 1559 253 Ι

369 313 440 354 est.
502 313 605 356 Haec
627 328 756 370 quum
776 313 951 357 Oricum
985 315 1108 356 essent
1144 312 1352 364 nunciata,
1388 313 1449 355 M.
1484 312 1675 354 Valerius

367 371 529 412 elass‘em
558 375 764 428 extemplo
803 374 854 414 ad
887 373 1036 418 ostium
1069 373 1248 413 fluminis
1270 372 1401 422 duxit,
1433 386 1483 411 ne
1506 371 1675 412 navibus

369 431 567 484 capessere
586 430 726 487 fugam
743 445 813 472 rex
826 431 963 486 poffet.
1025 432 1167 486 Itaque
1188 430 1420 485 Philippus,
1441 443 1573 485 neque
1597 438 1677 469 ter-

367 489 499 539 restri,
531 503 665 544 neque
684 490 815 530 navali
843 490 1063 530 certamine
1085 489 1176 530 satis
1193 488 1280 530 fore
1301 502 1439 543 parem
1467 488 1505 529 se
1527 487 1678 537 fidens,

368 547 575 589 subdus'tis
609 554 679 588 aut
701 551 763 603 (8)
797 548 966 589 incensis
1007 548 1194 597 navibus,
1238 547 1344 587 terra
1384 546 1675 588 Macedoniam

367 606 498 659 petiit,
521 607 667 661 magna
688 621 737 646 ex
755 616 867 663 parte
889 606 1034 648 inermi
1056 607 1236 647 exercitu
1259 605 1523 661 spoliatoque.
1586 603 1675 644 Ro-

365 677 485 704 mana
500 665 624 706 claffis
641 679 734 705 cum
760 665 820 704 M.
853 664 1019 705 Valerio
1035 664 1150 705 Orici
1171 663 1412 705 hibernavit.

426 723 539 764 XLI.
573 723 728 764 Eodem
767 737 874 763 anno
896 724 937 763 in
959 722 1156 778 Hispania
1187 722 1294 763 varie
1315 736 1379 763 res
1400 721 1533 777 gestae.
1565 733 1677 769 nam,

339 781 598 835 ‘priusquam
635 781 816 822 Romani
847 795 1010 822 amnem
1032 782 1196 822 Iberum
1233 781 1459 829 transirent,
1490 779 1676 835 ingentes

364 839 502 892 copias
545 840 823 894 Hispanorum
848 841 978 895 Mago
1003 842 1042 880 8c
1065 839 1297 880 Hasdrubal
1319 838 1527 879 fuderunt.
1563 836 1676 877 defe-

363 898 554 952 cissetque
577 898 625 938 ab
647 898 847 938 Romanis
867 898 1035 938 ulterior
1055 898 1268 952 Hispania,
1299 897 1341 937 ni
1362 897 1409 938 P.
1442 895 1676 947 Cornelius,

361 957 511 1010 raptim
531 957 716 997 traducto
738 957 919 996 exercitu
940 956 1120 1005 Iberum,
1152 961 1213 1011 (1)
1232 955 1365 996 dubiis
1386 955 1588 996 sociorum
1605 967 1676 994 an-

361 1015 456 1057 imis
497 1015 538 1055 in
570 1025 753 1069 ternpore
790 1015 1018 1055 advenisset.
1079 1013 1220 1055 Primo
1245 1015 1294 1055 ad
1331 1013 1506 1054 castrum
1527 1013 1673 1053 Altum

362 1074 494 1124 (locus
516 1073 572 1113 est
590 1073 754 1127 insignis
776 1073 885 1113 caede
907 1076 969 1128 (2)
991 1073 1129 1128 magni
1151 1072 1415 1127 Hamilcaris)
1436 1071 1563 1112 castra
1585 1070 1675 1111 Ro-

361 1131 473 1170 mani
488 1130 682 1172 habuere.
719 1132 807 1171 Arx
829 1141 914 1172 erat
934 1131 1108 1181 munita,
1143 1133 1183 1172 &
1207 1139 1478 1171 convexerant
1497 1132 1557 1183 (3)
1579 1127 1672 1169 ante

359 1188 630 1229 frumentum.
664 1197 815 1238 tamen,
849 1190 944 1243 quia
978 1189 1115 1230 omnia
1152 1187 1260 1230 circa
1292 1188 1468 1229 hostium
1492 1188 1610 1242 plena
1632 1200 1675 1226 e·-

359 1257 468 1298 rant,
500 1261 728 1303 agmenque
760 1248 999 1288 Romanurn
1031 1248 1241 1302 impuness
1268 1246 1517 1292 incursatum
1540 1247 1601 1300 (4)
1623 1243 1673 1285 ab

359 1306 565 1359 equitibus
582 1306 760 1346 hostium
782 1305 929 1356 fuerat,
955 1309 994 1347 δε
1017 1307 1067 1346 ad
1087 1307 1170 1346 duo
1192 1305 1333 1355 millia,
1364 1314 1434 1346 aut
1457 1306 1517 1359 (5)
1538 1317 1674 1344 mora-

359 1374 497 1404 torum
519 1375 590 1404 aut
622 1363 847 1418 palantium
879 1378 950 1420 per
971 1378 1106 1419 agros,
1138 1363 1368 1414 interfecta,
1411 1363 1556 1405 cess'ere
1577 1361 1672 1403 inde

359 1422 540 1464 Romani
569 1429 594 1476 †
614 1423 784 1477 propius
805 1432 946 1478 pacata
967 1424 1071 1472 loca,
1107 1425 1144 1464 8<
1184 1423 1235 1463 ad
1265 1432 1448 1463 montem
1469 1419 1672 1463 Vistoriae

359 1480 484 1522 castra
507 1481 826 1522 communivere.
888 1479 950 1520 Eo
983 1481 1062 1521 Cn.
1092 1479 1229 1534 Scipio
1261 1495 1356 1521 cum
1377 1479 1570 1520 omnibus
1602 1491 1674 1519 co-

354 1539 450 1594 piis,
486 1542 522 1580 &
547 1538 778 1587 Hasdrubal
800 1539 992 1593 Gisgonis
1015 1537 1138 1588 filius,
1160 1539 1303 1578 tertius
1325 1536 1672 1593 Karthaginiensi-

357 1612 428 1638 um
460 1598 562 1647 dux,
593 1611 688 1637 cum
715 1597 896 1638 exercitu
927 1596 1076 1652 †justo
1118 1597 1306 1637 advenit:
1339 1598 1402 1651 (6)
1443 1605 1668 1649 contraque

355 1656 483 1696 castra
515 1656 705 1698 Romana
734 1664 843 1696 trans
865 1655 1036 1697 fluvium
1065 1668 1208 1695 omnes
1242 1657 1305 1709 (7)
1327 1655 1556 1697 consedere.
1617 1652 1665 1694 P.

354 1713 507 1768 Scipio,
538 1728 634 1754 cum
651 1712 851 1767 expeditis
873 1714 978 1754 clam
999 1712 1211 1767 profe&us
1233 1714 1282 1753 ad
1304 1714 1391 1753 loca
1413 1711 1523 1753 circa
1538 1711 1668 1752 visen-

353 1773 422 1823 da,
452 1771 563 1812 haud
594 1771 741 1812 fefellit
761 1770 924 1812 hostes:
955 1771 1308 1825 oppreffiffentque
1338 1785 1433 1811 eum
1462 1771 1503 1810 in
1527 1779 1669 1825 paten-

352 1829 461 1870 tibus
475 1830 643 1884 campis,
677 1830 720 1870 ni
734 1831 939 1870 tumulum
957 1830 998 1869 in
1014 1829 1247 1883 propinquo
1269 1829 1443 1883 cepifl‘et.
1477 1828 1533 1869 ibi
1565 1842 1668 1882 quo-

350 1901 430 1944 que
451 1888 729 1931 circumsessus
746 1889 923 1930 adventu
945 1887 1080 1930 fratris
1096 1887 1301 1931 obsidione
1323 1887 1529 1928 eximitur.
1571 1886 1669 1985 Calf-

1579 1954 1624 1986 tu
1642 1958 1668 1985 0

347 2082 419 2115 sum
435 2081 479 2113 est
495 2082 530 2113 rb
544 2095 607 2120 non,
621 2081 697 2114 licet
709 2092 785 2113 mox
801 2081 969 2123 sequatur,
991 2091 1059 2112 non
1075 2095 1108 2111 ne
1133 2105 1139 2112 .
1166 2103 1175 2111 .
1201 2106 1208 2114 .
1235 2083 1351 2124 guidem,
1365 2080 1482 2112 verum
1496 2083 1661 2123 sedetiam.-

351 2127 441 2168 quod
456 2129 652 2159 notandum.
700 2129 745 2159 lta
763 2129 830 2158 fere
848 2127 946 2168 supra
962 2126 985 2157 1.
1002 2136 1035 2166 3.
1059 2138 1085 2158 c.
1103 2126 1133 2157 6.
1159 2139 1210 2157 non
1235 2127 1311 2157 mod«)
1340 2129 1380 2156 ad
1399 2129 1595 2168 expeditiones,
1609 2129 1667 2168 fid

350 2176 406 2203 vix
430 2175 470 2202 ad
489 2175 596 2215 quietas
604 2173 743 2212 stationes
759 2174 870 2204 viribus
874 2172 1045 2215 fiaefficerent.
1082 2172 1138 2213 (8)
1153 2171 1308 2204 Dukerus
1329 2171 1463 2214 conjicit
1486 2171 1662 2215 legendum

350 2217 412 2249 esse
427 2226 458 2248 at
478 2232 521 2249 ue.

395 2267 433 2295 C.
456 2232 511 2301 Ξῖ.
534 2263 712 2304 (0811er
736 2273 764 2293 c.
786 2272 841 2303 39.
857 2264 906 2304 qui
925 2265 1010 2294 etiam
1026 2269 1091 2293 ante
1112 2263 1190 2294 dubii
1205 2264 1342 2303 fuerant,
1365 2264 1484 2304 defecere
1501 2265 1543 2293 ad
1555 2264 1661 2295 Panos.

348 2308 405 2348 (2)
429 2309 506 2350 Ejus
519 2308 687 2346 nimirum,
709 2307 765 2348 qui
782 2316 877 2350 pater
895 2307 1091 2340 Hannibalis
1108 2307 1182 2339 suit.
1201 2307 1268 2338 vid.
1282 2316 1349 2339 not.
1368 2317 1396 2339 2.
1412 2309 1454 2339 ad
1471 2318 1500 2339 e.
1517 2317 1548 2340 2.
1564 2307 1589 2338 1.
1606 2317 1660 2339 21.

348 2353 456 2395 supra.
485 2355 638 2386 Ceterum
666 2353 765 2394 Casiri
786 2355 854 2384 Alti
869 2362 966 2384 nemo
991 2361 1110 2395 praeter
1127 2352 1259 2384 Livium
1277 2352 1438 2385 meminit.
1484 2354 1532 2383 Ex
1547 2363 1661 2385 narra-

347 2398 437 2431 tione
453 2406 562 2430 autem
581 2399 719 2430 Diodori
737 2397 838 2430 Siculi
866 2406 980 2439 patere
995 2398 1139 2436 videtur,
1162 2397 1383 2430 Hamilcarem
1410 2397 1538 2439 periisse
1554 2409 1658 2440 prope

347 2445 462 2475 urbem
481 2444 606 2486 abipso
618 2443 797 2481 conditam,
820 2454 891 2484 quae
919 2453 957 2475 ex
974 2442 1034 2475 situ
1055 2443 1145 2475 dicsta
1161 2442 1205 2474 est
1230 2446 1310 2486 ‹2:04›oe
1334 2451 1437 2477 Λεωιη.
1487 2446 1540 2474 An'
1556 2442 1658 2485 igitur

346 2489 409 2519 hoc
427 2490 498 2520 loco
511 2490 683 2531 legendum
696 2488 739 2520 est
750 2492 790 2520 ad
801 2490 929 2529 castrum
946 2490 1052 2520 Album
1063 2489 1080 2519 Ξ)
1124 2489 1182 2529 (3)
1199 2489 1325 2530 Nempe
1342 2487 1496 2520 Romani.
1525 2488 1581 2528 (4)
1605 2491 1657 2519 ln-

345 2533 506 2565 cursandu
521 2534 672 2575 petitum.
697 2534 754 2575 (5)
778 2534 852 2566 Vid.
868 2541 939 2567 not.
960 2543 989 2573 3.
1015 2535 1056 2565 ad
1079 2544 1105 2565 c.
1121 2534 1211 2572 47.l.
1236 2542 1290 2564 21.
1306 2533 1415 2575 supra.
1439 2532 1544 2574 (6)11.
1561 2543 1591 2566 e.
1616 2544 1656 2565 ex

346 2579 483 2609 adverso
519 2579 705 2610 castrorum.
731 2581 836 2621 Supra
861 2580 885 2611 1.
919 2589 991 2619 3.C.
1009 2578 1060 2611 2'6.
1106 2580 1199 2610 ‘Trans
1228 2579 1354 2609 “Tiberim
1375 2586 1470 2609 contra
1484 2591 1543 2609 eum
1566 2580 1655 2620 ipsum

344 2625 495 2663 luumflbi
511 2624 574 2656 ἃς.
586 2624 672 2656 infra
685 2624 702 2656 l.
729 2634 781 2665 37.
798 2635 828 2658 c.
844 2627 1021 2668 15.pacatis
1034 2631 1128 2656 contra
1145 2625 1352 2666 irfitlamflam
1371 2626 1467 2657 terris.
1484 2625 1540 2666 (7)
1555 2624 1655 2656 Nem-
