1834 3099
357 199 589 244 LIBER
635 195 796 244 XXVI.
841 199 1000 242 CAP.
1047 196 1206 240 XXIII.

118 314 320 372 tioresque
357 333 379 358 a
411 318 603 373 cupidine
627 317 803 373 imperii,
835 325 905 357 aut
928 315 1242 356 multitudinem
1286 316 1434 360 melius

119 377 597 432 moratam(7)censeam
633 377 720 416 fieri
757 375 878 430 posse.
960 373 1202 416 Centuriam
1242 373 1338 415 vero
1366 377 1434 431 ju-

117 432 282 474 niorum
334 434 510 476 seniores
552 435 761 476 consulere
792 434 973 483 voluiffe,
1026 432 1175 488 quibus
1212 434 1434 488 imperium

115 490 307 548 suffragio
331 495 557 544 mandaret,
590 494 656 534 vix
681 503 725 533 ut
746 493 959 533 verisimile
994 492 1053 539 fit,
1086 502 1307 545 parentum
1331 507 1433 546 quo-

115 563 197 647 ‹fque
247 552 327 594 hoc
359 552 493 593 seculo
531 553 619 594 vilis
656 551 835 605 levisque
869 551 979 606 apud
1020 549 1174 590 liberos
1207 550 1432 592 aucstoritas

136 617 229 649 ecit.

170 666 330 709 XXIII.
362 668 558 710 Praetoria
595 669 692 709 inde
735 667 903 709 comitia
938 667 1093 710 habita.
1170 668 1215 708 Ρ,
1247 667 1438 709 Manlius

112 724 260 777 Vulso,
295 730 333 768 δε
370 728 405 767 L
452 728 633 768 Manlius
667 727 885 777 Acidinus,
919 729 957 768 δε
984 727 1030 766 C.
1059 727 1276 778 Laetorius,
1312 728 1351 767 &
1386 726 1435 766 L.

114 784 284 827 Cincius
324 785 724 829 Alimentus.creati
767 785 873 826 sunt.
949 786 1070 827 Forte
1114 787 1170 827 ita
1208 787 1367 835 incidit,
1391 796 1438 826 ut

118 844 297 885 comiti1s
320 841 516 899 perfeffis
538 845 819 895 nunciaretur,
842 844 892 883 Τ.
916 843 1161 895 Otacilium,
1213 859 1338 899 quem
1379 844 1433 884 T.

115 902 295 952 Manlio,
328 903 399 942 nifi
439 904 721 959 interpellatus
754 904 857 943 ordo
889 904 1154 944 comitiorum
1175 905 1285 953 esset,
1308 905 1434 944 colle-

113 974 208 1016 gam
248 960 454 1002 absentem
487 964 657 1003 daturus
690 962 804 1002 fuiffe
840 961 1052 1003 videbatur
1091 964 1285 1018 populus,
1323 977 1438 1002 mor-

115 1029 234 1060 tuum
266 1022 333 1077 (1)
356 1019 397 1059 in
420 1021 559 1062 Sicilia
581 1021 671 1062 effe.
739 1021 848 1061 Ludi
874 1021 1132 1074 Apollinares
1149 1024 1211 1076 (2)
1233 1025 1275 1063 &
1298 1021 1433 1075 priore

113 1090 223 1119 anno
244 1078 423 1131 fuerant,
458 1084 517 1130 &,
540 1093 589 1120 eo
622 1094 729 1120 anno
753 1091 798 1119 ut
831 1079 990 1130 fierent,
1022 1079 1224 1120 referente
1258 1081 1435 1133 Calpur-

113 1138 185 1177 nio
216 1148 408 1192 praetore,
439 1137 600 1180 senatus
623 1139 819 1189 decrevit,
838 1150 881 1177 ut
905 1139 947 1178 in
969 1149 1217 1194 perpetuum
1239 1152 1436 1178 voveren-

114 1204 194 1236 tur.
276 1195 435 1236 Eodem
477 1212 586 1238 anno
628 1197 813 1252 prodigia
845 1197 1001 1250 aliquot
1036 1197 1118 1238 visa
1155 1197 1434 1250 nunciataque

115 1254 220 1295 sunt.
300 1255 348 1294 In
383 1257 470 1296 aede
507 1256 751 1297 Concordiae
793 1255 999 1308 Vic‘toria‚
1035 1271 1126 1310 quae
1168 1256 1210 1295 in
1255 1256 1436 1296 culmine

113 1320 215 1363 erat,
247 1312 422 1355 fulmine
449 1315 529 1356 icta
563 1315 820 1369 decussaque,
854 1316 904 1355 ad
941 1314 1232 1369 xsi&0rias,(3)
1266 1329 1361 1367 quae
1391 1315 1435 1354 in

115 1371 304 1413 antefixis
334 1384 465 1422 erant,
497 1373 626 1423 haesit,
659 1387 792 1427 neque
828 1374 922 1413 inde
959 1373 1148 1428 procidit.
1216 1374 1266 1414 Et
1291 1376 1435 1428 Anag-

112 1431 182 1471 nia
205 1434 245 1472 &
267 1431 461 1487 Fregellis
482 1433 723 1472 nunciatum
746 1432 818 1480 est,
851 1446 1018 1472 murum
1039 1430 1256 1487 portasque
1276 1431 1325 1471 de
1349 1445 1436 1472 coe-

117 1490 158 1530 lo
201 1499 358 1531 tactas:
410 1493 449 1532 &
490 1491 531 1530 in
564 1490 656 1532 foro
698 1492 928 1531 &udertano
978 1491 1185 1546 sanguinis
1221 1490 1326 1530 rivos
1363 1504 1435 1545 per

114 1547 224 1589 diem
244 1558 379 1589 toturn
403 1549 577 1602 fluxiffe,
612 1553 651 1591 δι
677 1549 787 1590 Ereti
815 1549 1017 1604 lapidibus
1039 1549 1194 1604 pluiffe,
1231 1552 1272 1590 &
1302 1549 1436 1590 Reate

113 1607 270 1648 mulam
308 1608 516 1664 peperiffe.
584 1609 640 1649 Ea
663 1609 850 1664 prodigia
869 1614 883 1659 Η
906 1607 1046 1648 hostiis
1084 1606 1307 1663 majoribus
1343 1608 1436 1649 sunt

113 1676 346 1720 procurata,
379 1671 420 1709 ἃ
452 1667 680 1708 obsecratio
714 1667 757 1707 in
782 1681 910 1707 unum
933 1668 1042 1707 diem
1077 1667 1231 1722 populo
1261 1666 1433 1718 iiidicsta,

115 1728 158 1766 ἃ
179 1726 466 1779 †novendiale
489 1726 660 1768 sacrum.
723 1726 965 1767 Sacerdotes
1003 1726 1155 1781 publici
1193 1724 1349 1779 aliquot
1385 1740 1436 1765 eo

113 1793 224 1824 anno
266 1785 473 1826 demortui
503 1785 612 1836 sunt,
642 1786 819 1839 novique
856 1785 1048 1826 sufficiti:
1081 1784 1122 1824 in
1147 1785 1284 1824 locuni
1303 1790 1327 1837 †
1351 1783 1434 1825 M.’

115 1842 277 1883 AEmilii
319 1845 511 1885 humidae
543 1845 764 1885 decemviri
787 1844 993 1885 sacrorum
1035 1845 1097 1884 M.
1125 1843 1320 1883 AEmilius
1354 1842 1436 1883 Le-

115 1901 261 1955 pidus:
293 1901 336 1941 in
367 1903 506 1943 locum
530 1904 609 1944 M.’
631 1904 852 1958 Pomponii
883 1903 1097 1944 Mathonis
1132 1901 1340 1956 pontificis
1381 1902 1433 1942 C.

113 1959 283 2000 Livius:
316 1960 516 2002 inlocum
547 1963 619 2017 Sp.
643 1962 808 2003 Carvilii
841 1962 1018 2002 Maximi
1050 1961 1215 2016 auguris
1251 1960 1313 1999 M.
1340 1959 1436 2000 Ser·-

113 2017 247 2058 vilius.
282 2018 335 2059 T.
359 2019 562 2061 Otacilius
602 2020 762 2061 Crass'us
800 2020 984 2074 pontifex
1019 2020 1115 2073 quia
1139 2018 1292 2059 exaesto
1325 2033 1434 2059 anno

114 2087 303 2117 mortuus
339 2088 443 2131 erat,
475 2079 568 2119 ideo
601 2080 828 2119 nominatio
871 2079 914 2118 in
956 2080 1094 2119 locum
1134 2078 1223 2134 ejus
1256 2091 1340 2117 non
1376 2077 1433 2119 est

818 2137 860 2177 D
896 2150 918 2180 2
1306 2135 1431 2187 faita.

115 2252 149 2286 in
179 2252 270 2285 libris
288 2254 329 2286 dc
353 2254 533 2297 republica⁴
597 2256 653 2298 (7)
681 2256 732 2288 Sic
755 2255 843 2287 infra
862 2256 882 2287 1.
908 2265 963 2295 45.
983 2267 1013 2287 c.
1041 2265 1095 2296 23.
1121 2259 1150 2286 in
1167 2262 1226 2285 tam
1243 2255 1306 2286 bene
1322 2252 1437 2286 morata?

115 2302 244 2331 civitate.

163 2346 200 2376 C.
235 2354 290 2384 23.
318 2345 374 2388 (ι)
398 2346 520 2388 Objicit
547 2348 730 2379 Glareanus
748 2347 816 2380 haec
842 2348 887 2379 ita
908 2347 1034 2385 referri,
1058 2355 1104 2382 ut,
1131 2345 1187 2387 qui
1216 2346 1313 2388 legat,
1330 2354 1438 2388 putet,

117 2390 227 2422 nescio
245 2402 329 2432 quas,
355 2391 519 2434 subsequi,
542 2405 614 2435 qum
641 2401 750 2425 tamen
777 2406 843 2426 non
863 2395 1053 2435 sequuntur.
1104 2393 1220 2434 Neque
1239 2392 1315 2423 huic
1341 2392 1436 2432 quid-

116 2446 216 2477 quam
241 2436 377 2468 omnino
403 2439 533 2480 reponit
550 2439 842 2472 Drakenborchius
866 2447 922 2471 aut
939 2438 1021 2470 alius
1046 2438 1144 2469 ullus.
1193 2439 1268 2468 Hoc
1285 2438 1436 2468 mihiLi⁴

116 2481 190 2513 vius
207 2481 346 2513 innuere
369 2482 512 2521 videtur,
535 2486 623 2516 Deos
652 2484 692 2516 fic
720 2484 914 2527 approbasse
938 2484 1185 2525 interpellatum
1209 2483 1358 2514 ordinem
1383 2494 1436 2514 co-

117 2526 299 2567 mitiorum,
314 2539 456 2570 eumque
472 2541 511 2561 ex
524 2529 684 2562 sententia
701 2530 755 2561 sua
769 2532 861 2563 fuiss'e
885 2530 1064 2562 ostendere.
1089 2531 1127 2559 E.
1172 2531 1228 2570 (2)
1253 2531 1302 2560 De
1319 2540 1435 2561 eorum

117 2571 243 2614 origine
267 2573 333 2606 vid.
352 2575 451 2617 supra
469 2576 490 2607 l.
515 2585 568 2616 25.
588 2587 616 2608 c.
639 2586 690 2608 12.
750 2578 806 2616 (3)
833 2578 884 2608 Ad
903 2576 1020 2607 statuas
1050 2575 1219 2611 Victoriae,
1243 2586 1317 2616 quae
1341 2583 1436 2606 erant

119 2616 206 2649 inter
224 2617 378 2652 antefixa.
445 2623 596 2666 Antffixa‚
618 2620 727 2663 inquit
754 2623 874 2660 Festus,
896 2636 959 2665 quae
977 2628 1010 2652 ix
1038 2629 1116 2664 opere
1128 2622 1252 2664 figulzno
1284 2625 1363 2651 tenvis
1387 2623 1435 2650 01!-

106 2663 240 2707 figuntur
256 2664 309 2706 sub
324 2667 494 2706 stillicidio.=
539 2670 580 2700 Et
598 2668 756 2701 consonat
780 2669 861 2701 illud
888 2668 973 2700 Livii
999 2668 1022 2699 l.
1042 2677 1095 2708 34.
1112 2678 1140 2700 c.
1159 2677 1192 2706 4.
1210 2674 1274 2698 ante
1295 2680 1334 2698 xa
1350 2667 1436 2710 flCYi-

1394 2715 1436 2741 luc

1612 212 1667 257 35
