1860 3099
216 242 300 284 m4

212 1418 324 1451 Literae
340 1431 376 1450 εκ

214 1465 377 1508 HTspam'If.

945 231 1000 280 Τ.
1045 232 1245 282 L1v11

438 350 590 407 gaudio
614 354 655 395 &
677 354 950 409 gratulatione
967 355 1101 397 victor
1122 356 1164 398 in
1186 355 1314 399 castra
1339 356 1460 399 redit.
1516 352 1629 400 Huic
1651 366 1758 414 pugo

438 423 502 452 nae
525 412 702 466 equestri
732 428 820 454 rem
854 416 997 469 (quam
1037 415 1131 457 satis
1172 418 1234 471 (5)
1258 424 1426 466 certam,
1460 421 1487 470 †
1524 416 1759 458 communi·

438 469 773 527 existimatioest)
793 473 1021 515 mirabilem
1049 474 1175 525 certe,
1195 474 1396 531 adjiciunt
1435 474 1604 529 quidam
1631 488 1758 516 anna-

438 530 497 569 les
521 544 530 569 :
562 545 691 585 quum
714 530 989 588 refugientem
1006 534 1056 574 ad
1080 533 1224 574 urbem
1243 533 1452 574 Tauream
1473 533 1675 576 Claudius
1696 533 1758 574 se·

438 592 823 645 queretur,patenti
846 590 1025 632 hostium
1046 603 1174 646 portae
1198 592 1424 638 invectum,
1462 606 1536 647 per
1569 593 1758 643 alteram,

440 646 696 702 stupentibus
717 649 916 690 miraculo
931 650 1132 702 hostibus,
1164 650 1368 692 intactum
1389 651 1560 692 evaliffe.

497 705 699 748 XLVIII.
722 707 875 767 Qieta
898 708 993 750 inde
1015 709 1155 750 stativa
1172 710 1304 759 fuere,
1326 724 1372 751 ac
1389 719 1500 750 retro
1516 708 1641 750 etiam
1657 722 1759 750 con-

438 763 498 805 sul
517 765 644 806 movit
667 766 812 818 castra,
847 777 893 808 ut
934 767 1158 809 sementem
1195 768 1397 824 Campani
1431 768 1648 810 facerent:
1678 781 1756 810 nee

438 822 534 865 ante
550 824 716 865 violavit
738 840 882 881 agrum
914 827 1195 882 Campanum,
1216 827 1340 882 quam
1358 828 1444 884 jam
1468 829 1560 868 altae
1574 826 1617 867 in
1645 825 1758 882 sege-

439 883 548 923 tibus
565 883 701 925 herbae
724 884 922 939 pabulum
960 885 1140 941 praebere
1171 896 1374 941 poterant.
1408 885 1450 927 id
1491 884 1683 927 convexit
1713 884 1758 925 in

438 942 671 983 Claudiana
710 942 836 984 castra
873 944 991 999 super
1007 944 1264 994 Sueffulam3
1296 945 1435 999 ibique
1451 943 1624 987 hiberna
1658 943 1759 984 aedi-

440 1000 591 1041 ficavit.
627 1002 694 1042 M.
709 1001 885 1042 Claudio
898 1003 1132 1058 proconsuli
1153 1004 1386 1059 imperavit,
1401 1014 1464 1055 ut,
1481 1012 1644 1045 retento
1663 1002 1757 1043 No·-

438 1059 488 1100 1ae
512 1059 730 1101 necess‘ario
752 1061 802 1101 ad
819 1060 1016 1102 tuendam
1032 1061 1177 1102 urbem
1193 1062 1395 1117 praesidio,
1409 1072 1568 1104 ceteros
1603 1060 1757 1102 milites

438 1118 664 1160 dimitteret
681 1118 881 1171 Romam,
912 1135 964 1162 ne
986 1120 1101 1161 oneri
1118 1120 1250 1171 sociis,
1273 1124 1315 1163 δι’
1352 1121 1533 1176 sumpt-ui
1562 1118 1759 1175 reipubli—

438 1190 498 1217 cae
519 1177 657 1218 effent.
720 1177 774 1218 Et
794 1177 862 1218 Ti.
899 1178 1117 1220 Gracchus
1132 1195 1152 1220 a
1173 1180 1320 1222 Cumis
1340 1179 1562 1221 Luceriam
1578 1179 1620 1219 in
1639 1179 1759 1233 Apu·

437 1235 536 1276 liam
557 1236 739 1291 legiones
761 1250 891 1290 quum
914 1238 1101 1288 duxisset,
1122 1239 1186 1278 M.
1219 1238 1437 1279 Valerium
1472 1238 1568 1278 inde
1608 1247 1760 1292 praeto·

437 1305 526 1335 rem
543 1294 823 1344 Brundisium,
846 1310 942 1337 cum
960 1310 1024 1346 eo,
1039 1311 1164 1351 quem
1183 1296 1370 1338 Luceriae
1397 1295 1612 1347 habuerat,
1642 1309 1761 1336 exer-

438 1353 524 1394 citu
541 1354 662 1403 misit,
696 1353 885 1410 tuerique
925 1369 1041 1396 oram
1081 1356 1167 1411 agri
1187 1354 1419 1405 Sallentini,
1452 1358 1495 1398 ὅτ
1526 1354 1759 1410 providere,

441 1413 553 1466 quod
574 1414 624 1454 ad
649 1412 886 1469 Philippum
914 1413 1153 1470 bellumque
1193 1413 1518 1456 Macedonicum
1550 1413 1758 1464 attineret,

437 1471 562 1528 justit.
625 1472 751 1514 Exitu
772 1472 920 1515 aestatis
941 1473 1048 1530 ejus,
1080 1474 1161 1528 qu&
1175 1471 1264 1515 haec
1285 1472 1396 1529 gesta
1436 1471 1759 1528 perscripsimus,

442 1530 573 1572 literae
593 1545 615 1571 a
637 1531 683 1572 P.
705 1535 743 1574 &
762 1533 842 1575 Cn.
863 1532 1130 1587 Scipionibus
1150 1541 1369 1582 venerunt,
1389 1541 1579 1586 quantas,
1611 1526 1757 1586 quam-

440 1603 521 1644 que
535 1589 746 1645 prosperas
765 1589 806 1632 in
829 1590 1030 1646 Hispania
1059 1605 1124 1632 res
1145 1589 1355 1646 gessiffent.
1389 1591 1456 1632 sed
1477 1591 1696 1645 pecuniam
1712 1589 1757 1631 in

440 1648 705 1702 stipendium,
740 1650 1083 1704 vestimentaque,
1118 1652 1155 1691 &
1192 1648 1452 1690 frumentum
1472 1648 1686 1698 exercitui,
1713 1650 1754 1690 8<

440 1706 557 1749 sociis
571 1708 782 1750 navalibus
796 1709 934 1750 omnia
951 1709 1093 1749 deeffe.
1159 1708 1287 1766 Qod
1317 1709 1369 1749 ad
1389 1707 1639 1763 stipendium
1664 1706 1761 1748 atti-

439 1776 548 1815 neat,
573 1766 598 1806 si
617 1768 804 1809 aerarium
819 1769 937 1822 inops
958 1767 1071 1819 effet,
1086 1766 1125 1808 se
1139 1766 1318 1821 aliquam
1340 1767 1542 1808 rationem
1563 1766 1758 1820 inituros,

424 1836 524 1878 'quo
546 1825 670 1866 modo
686 1826 736 1867 ab
754 1827 949 1882 Hispanis
971 1826 1146 1868 sumant.
1179 1835 1315 1867 cetera
1354 1826 1497 1881 utique
1535 1826 1585 1866 ab
1617 1825 1759 1866 Roma

440 1883 641 1924 mittenda
659 1886 735 1926 effe
759 1901 769 1926 ε
800 1900 876 1927 nec
899 1885 1016 1926 aliter
1037 1895 1109 1926 aut
1124 1885 1352 1926 exercitum
1389 1895 1461 1926 aut
1501 1880 1757 1939 prov'inciam

440 1942 606 1983 retineri
655 1944 778 1999 poffe.
840 1944 992 1986 Literis
1020 1944 1216 1994 recitatis,
1257 1958 1382 1984 nemo
1435 1943 1624 1984 omnium
1659 1954 1765 1997 erat,

440 2002 558 2055 quin,
583 2004 624 2043 &
647 2017 742 2044 vera
764 2003 900 2053 scribi,
924 2006 965 2045 ἃ
1003 2003 1200 2059 postulari
1229 2017 1364 2058 aequa,
1405 2002 1636 2044 fateretur:
1687 2002 1758 2045 sed

438 2060 682 2102 occurrebat
699 2062 864 2112 animis,
886 2072 1064 2117 quantos
1103 2061 1308 2103 exercitus
1340 2060 1550 2103 terrestres
1577 2061 1758 2104 navales-

440 2133 520 2174 que
543 2130 773 2172 tuerentur,
806 2131 1042 2175 quantaque
1057 2134 1162 2161 nova
1184 2119 1312 2161 classis
1333 2134 1429 2161 mox
1446 2121 1627 2175 paranda
1647 2119 1758 2172 esset,

214 2172 410 2205 2'2's‘2’wmm
441 2179 467 2219 ss
481 2178 636 2219 bellum
651 2179 975 2221 Macedonicum
992 2189 1239 2220 moveretur.
1302 2179 1486 2220 Siciliam
1507 2193 1554 2220 ac
1575 2179 1762 2221 Sardini-

208 2220 306 2261 inopiae
312 2242 319 2251 .

440 2252 524 2287 am,
543 2252 635 2292 quae
657 2248 750 2279 ante
771 2238 926 2279 bellum
953 2238 1177 2294 vectigales
1213 2237 1394 2289 fuissent,
1428 2237 1496 2279 vix
1517 2242 1542 2292 ss
1569 2238 1759 2294 praefides

439 2297 744 2351 provinciarum
767 2298 971 2339 exercitus
985 2298 1093 2339 alere
1115 2313 1125 2338 ε
1163 2296 1319 2338 tributo
1339 2300 1405 2353 (1)
1436 2297 1622 2353 sumptus
1662 2296 1760 2353 sup-

436 2356 625 2410 peditari.
661 2370 791 2410 quum
819 2356 953 2411 ipsum
987 2356 1188 2397 tributum
1211 2355 1515 2398 conferentium
1537 2369 1760 2398 numerum

439 2414 561 2456 tantis
575 2415 835 2456 exercituum
856 2414 1073 2472 stragibus,
1093 2417 1130 2458 δε
1156 2416 1207 2457 ad
1227 2415 1517 2457 Trafimenum
1532 2415 1684 2468 lacum,
1712 2418 1756 2458 δι

1704 2475 1757 2518 ad

439 2592 534 2633 longe
553 2591 799 2633 perequitasset.
850 2592 917 2625 Alii
932 2594 1051 2625 volunt
1066 2607 1149 2636 quum
1166 2593 1200 2625 etz·
1215 2591 1277 2626 «υἱέ.
1326 2594 1384 2636 (5)
1400 2596 1486 2626 Orta
1497 2590 1543 2625 est
1566 2593 1638 2626 haec
1654 2594 1757 2628 lectio

381 2663 383 2666 .
439 2648 476 2668 ex
498 2636 595 2668 Vallae
618 2639 821 2680 conjefturfi,
867 2640 1058 2672 Gronovius
1081 2639 1195 2672 melius
1215 2653 1223 2673 z
1248 2640 1330 2683 quim
1340 2641 1478 2686 ’κτα-[ιλ
1528 2639 1670 2674 coast-es
1682 2641 1758 2676 sunt

441 2681 522 2713 mire
540 2684 703 2725 corrupti.

486 2747 527 2778 C.
553 2745 607 2784 48.
657 2748 712 2789 (ι)
745 2750 774 2780 Α
797 2747 926 2781 civibus
947 2749 1083 2788 collato,
1099 2760 1205 2792 quum
1227 2749 1296 2794 jam
1311 2749 1487 2794 veffigalia
1509 2750 1758 2830 exdpgo-ivjixgcii·

1575 2807 1591 2829 t
1608 2806 1644 2831 ec
1683 2805 1752 2830 ent,
