1834 3099
350 158 423 201 LI
445 160 478 201 B
497 159 531 202 E
550 159 591 200 R
649 158 810 201 XXIX.
860 159 895 201 C
913 160 948 202 A
965 159 1012 201 P.
1057 161 1261 205 XXXIV.
1583 166 1638 206 26

1639 180 1662 221 ω

111 274 349 332 Scipionem
382 292 548 333 quoque
583 277 721 333 postea
768 277 914 318 venisse
946 278 1192 320 Mafiniffam
1245 281 1436 322 credam:

109 336 264 391 quippe
300 336 368 376 illa
403 338 612 392 regnantis
654 335 893 388 multitudo,
922 336 1011 379 haec
1049 339 1233 393 paucitas
1285 340 1435 382 exsulis

111 393 290 435 fortunae
312 397 559 437 conveniens
581 396 651 435 est.

167 453 374 494 XXXIV.
407 451 782 509 Karthaginienses,
814 453 875 494 ala
898 454 1085 508 equitum
1118 470 1213 496 cum
1234 456 1433 515 praesecto
1453 493 1491 523 K
1518 493 1554 522 ,ἦ
1599 496 1605 502 .
1629 496 1636 504 ,

107 511 268 562 amissa,
282 512 361 553 alio
375 514 560 567 equitatu
575 526 647 567 per
660 525 812 551 novum
828 509 1036 553 delectum
1050 526 1306 569 comparato,
1317 516 1432 556 Han·
1451 500 1650 579 Μῇζΐηζξζᾚ

106 583 260 611 nonem
274 571 522 613 Hamilcaris
537 572 668 612 filium
681 569 926 625 praeficiunt.
949 572 1250 614 Hasdrubalem
1264 574 1432 616 subinde
1456 587 1605 624 equitatum

106 643 155 670 ac
176 628 409 686 Syphacem
426 646 498 685 per
517 632 653 671 literas
685 629 957 683 nunciosque‚
989 630 1196 685 postremo
1217 633 1340 673 etiam
1362 631 1501 689 perſsl'i
1516 638 1629 674 smpe-

106 689 279 744 legatos‚
310 690 535 733 arcefl'unt:
567 687 868 730 Hasdrubalem
904 702 1025 742 opem
1059 689 1165 730 ferre
1196 691 1323 746 prope
1356 693 1433 733 cir·
1454 683 1533 708 '‘m“

105 747 310 789 cumseffae
328 747 651 805 patriaejubent:
682 746 915 807 Syphacem
938 758 1072 800 orant,
1106 758 1151 795 ut
1172 749 1436 806 Karthagini,

105 816 152 846 ut
175 807 372 850 universae
396 806 549 847 Africae
585 805 809 846 subveniat.
874 806 943 846 Ad
975 806 1148 848 Uticam
1183 818 1272 848 tum
1305 809 1436 851 castra

103 865 260 920 Scipio,
293 865 424 909 ferme
457 864 569 905 mille
593 863 724 922 passus
762 863 812 904 ab
838 864 952 915 urbe,
980 864 1171 915 habebat,
1202 867 1390 909 transsata
1412 883 1436 910 a

104 924 222 975 mari,
255 923 325 964 ubi
361 938 514 979 paucos
556 924 643 965 dies
685 923 823 963 stativa
857 924 1082 979 conjuncta
1121 925 1227 965 classi
1255 926 1433 970 fuerant.

101 982 273 1033 Hanno,
304 996 567 1037 nequaquam
599 982 692 1023 satis
728 982 878 1032 valido,
910 997 991 1022 non
1026 982 1152 1024 modo
1174 985 1224 1024 ad
1244 985 1436 1026 laceffen-

101 1041 202 1082 dum
224 1041 401 1092 hostem,
433 1041 500 1082 sed
523 1055 574 1081 ne
596 1042 645 1081 ad
663 1041 839 1081 tuendos
861 1041 1029 1094 quidem
1052 1057 1074 1082 a
1097 1043 1435 1098 populationibus

101 1115 236 1157 agros,
268 1100 453 1155 equitatu
469 1112 656 1155 accepto,
689 1100 730 1140 id
752 1099 940 1139 omnium
963 1100 1143 1154 primum
1167 1103 1265 1158 egit,
1299 1113 1344 1143 ut
1361 1118 1434 1158 per

104 1165 120 1211 11
140 1159 485 1214 conquisitionem
510 1162 731 1214 numerum
755 1158 941 1212 equitum
960 1170 1140 1215 augeret.
1164 1175 1240 1202 nec
1261 1162 1433 1202 aliarum

100 1219 287 1274 gentium
321 1215 575 1272 aspernatus,'
605 1216 782 1258 maxime
817 1227 956 1259 tamen
990 1219 1196 1260 Numidas
1230 1220 1287 1276 (id
1310 1220 1432 1277 longe

98 1278 281 1332 primum
305 1278 491 1331 equitum
515 1289 555 1317 in
577 1275 720 1317 Africa
741 1276 798 1317 est
821 1280 969 1332 genus)
991 1278 1200 1323 conducit.
1264 1280 1358 1335 Jam
1380 1277 1433 1321 ‘ad

99 1347 278 1395 quatuor
300 1336 428 1376 millia
450 1337 639 1391 equitum
662 1334 853 1386 habebat,
886 1350 1015 1391 quum
1049 1338 1232 1377 Saleram
1263 1339 1432 1379 nominc

99 1395 244 1440 urbem
271 1395 514 1450 occupavit3
549 1394 785 1449 quindecim
820 1393 950 1435 ferme
986 1395 1115 1435 millia
1152 1396 1202 1436 ab
1228 1396 1432 1438 Romanis

97 1454 252 1496 castris.
314 1454 443 1510 Quod
467 1453 536 1494 ubi
561 1453 745 1507 Scipioni
767 1453 942 1494 relatum
963 1453 1037 1503 est,
1069 1454 1230 1511 AEstiva
1248 1457 1327 1508 stzb
1358 1465 1433 1497 tec-

97 1515 148 1554 tis
171 1516 235 1567 (1)
259 1514 477 1569 equitatus!
511 1511 679 1569 (inquit)
684 1511 769 1566 fint
789 1511 853 1551 vel
861 1513 1014 1566 plures,
1045 1513 1134 1553 dum
1169 1515 1281 1554 talem
1302 1515 1430 1555 ducem

93 1572 266 1613 habeant.
298 1586 430 1633 eoque
453 1569 591 1611 minus
614 1570 683 1611 fibi
709 1575 725 1621 11
748 1569 982 1611 eefl‘andum
1002 1581 1130 1621 ratus,
1162 1587 1245 1627 quo
1266 1572 1322 1613 illi
1343 1573 1434 1630 seg7

97 1629 192 1673 nius
213 1645 302 1673 rem
325 1640 509 1688 agerent,
544 1629 795 1670 Mafiuifl'am
827 1643 923 1669 cum
957 1630 1143 1684 equitatu
1179 1631 1429 1686 praemifl'um

95 1691 224 1745 portis
237 1689 494 1745 obequitare,
515 1701 637 1743 atque
651 1688 811 1729 hostem
834 1688 883 1727 ad
904 1703 1086 1744 pugnam
1104 1690 1264 1735 elicere,
1292 1691 1426 1747 jubet.

95 1749 167 1794 ubi
194 1749 328 1790 omnis
350 1748 574 1789 multitudo
592 1747 629 1787 se
648 1747 865 1796 effudisset,
898 1747 1141 1803 graviorque
1155 1749 1241 1805 jam
1279 1750 1320 1790 in
1341 1764 1431 1790 cer-

94 1809 248 1850 tamine
266 1809 376 1859 effet,
408 1805 534 1862 quam
558 1816 603 1846 ut
620 1805 739 1846 facile
761 1805 947 1846 sustineri
962 1807 1102 1861 poss'et,
1135 1809 1296 1850 cederet
1312 1810 1428 1871 paul-

94 1869 238 1918 latim·‚
271 1867 310 1909 se
331 1867 374 1908 in
394 1871 418 1920 ss
432 1878 616 1920 tempore
631 1879 780 1920 pugnae
804 1868 869 1919 (2)
890 1865 1180 1906 obventurum.
1239 1867 1426 1914 Tantum

96 1936 295 1976 moratus,
328 1929 388 1980 (3)
405 1935 604 1979 quantum
629 1924 720 1963 satis
754 1924 952 1977 temporis
985 1925 1199 1979 praegreffo
1221 1925 1350 1966 visum
1373 1927 1425 1970 ad

93 1986 317 2029 eliciendos
345 1984 498 2033 hostes,
529 1996 625 2022 cum
647 1982 841 2022 Romano
864 1982 1050 2036 equitatu
1071 1983 1249 2032 secutus,
1282 1995 1424 2040 tegen-

94 2045 204 2088 tibus
220 2043 406 2092 tumulis,
438 2041 507 2095 qui
530 2037 835 2095 peropportune
857 2040 964 2080 circa
999 2042 1075 2081 viae
1096 2041 1227 2082 flexus
1253 2048 1268 2094 Η
1293 2058 1424 2098 oppo-

94 2105 306 2152 sitierant,
343 2107 358 2153 Η
384 2101 572 2141 occultus
594 2098 794 2153 processit.
856 2099 1075 2149 Mafiniffa‚
1107 2114 1155 2140 ex
1179 2103 1419 2157 composito,
1441 2121 1595 2161 &ystria

92 2177 204 2204 nunc
237 2159 443 2210 terrentis,
474 2172 586 2198 nunc
608 2156 790 2198 timentis
824 2159 964 2203 modo,
997 2169 1067 2198 aut
1088 2159 1180 2214 ipfis
1205 2159 1418 2216 obequita-
1432 2160 1619 2208 plemin-

91 2223 162 2265 bat
195 2220 340 2282 portis,
369 2228 440 2259 aut
475 2216 674 2267 cedendo,
706 2230 837 2276 quum
875 2216 1033 2258 timoris
1063 2217 1265 2267 simulatio
1294 2222 1555 2262 auda-mm·

1312 2294 1420 2322 ciam

79 2403 168 2445 segne
180 2401 212 2431 id
220 2400 308 2442 ipfhm
331 2403 436 2440 tempus
453 2397 663 2438 coufinnpfirat.
709 2393 761 2427 Sit:
787 2397 941 2438 cotfitmcre
965 2395 1036 2438 (vel
1060 2394 1160 2428 etiam
1174 2397 1331 2440 alsumere)
1347 2400 1419 2429 diem

90 2459 207 2484 aunum,
228 2452 338 2476 aetatem
357 2444 417 2474 &c.
432 2442 530 2474 obvia
546 2442 632 2473 sunt.

139 2507 179 2538 C.
199 2515 250 2545 34.
266 2502 322 2545 (ι)
339 2501 463 2545 Supple
478 2504 552 2544 agit.
597 2500 744 2533 Nliratur
758 2500 880 2544 Scipio,
901 2499 1028 2542 equites
1040 2500 1114 2532 suos
1132 2501 1333 2534 Hannonem
1350 2509 1419 2535 tam

68 2538 237 2584 'molliter
251 2549 382 2581 habere.
428 2549 534 2589 Supra
550 2547 570 2577 l.
585 2555 640 2586 27.
660 2558 689 2578 c.
719 2546 750 2578 8.
775 2551 823 2589 qui
835 2550 876 2577 ad
903 2548 1062 2578 Tarentum
1080 2547 1179 2589 aestt‘va
1204 2552 1318 2578 ac‘lurus
1338 2556 1412 2581 erat.

91 2599 126 2631 ὅτ
139 2609 170 2630 c.
188 2606 240 2629 21.
263 2596 365 2638 aestiva
382 2594 566 2636 Venufioesub
582 2596 662 2624 teHis
677 2606 773 2635 agere.
817 2594 874 2634 (2)
890 2594 995 2635 Supra
1024 2592 1048 2623 l.
1067 2601 1119 2623 Io.
1148 2603 1178 2624 c.
1204 2603 1257 2633 43.
1277 2607 1417 2626 occurrere

84 2645 190 2687 pratia
216 2641 307 2681 dixit.
351 2639 410 2685 (3)
438 2640 611 2684 Qantum
634 2637 774 2676 credidit
799 2635 875 2677 satie
898 2638 959 2672 effe
985 2637 1155 2682 temporis,
1178 2646 1214 2671 ut
1232 2635 1418 2690 *Masinitl'a3

1358 2695 1416 2717 oui
