1834 3099
87 147 167 185 282

804 142 857 184 T.
918 143 1120 185 LIVII

307 260 380 300 tim
405 259 500 300 ferri
523 260 613 300 sunt
631 268 791 315 coepta:
824 275 875 302 ne
905 276 1042 310 naves,
1075 261 1117 301 in
1139 269 1287 302 terram
1318 264 1357 304 δι
1381 260 1633 303 obfidionem

307 318 444 368 versae,
491 334 536 359 ae
569 317 738 359 minime
776 321 907 361 navali
938 321 1086 376 proelio
1123 330 1241 375 aptae‚
1289 321 1635 375 opprimerentur.

310 376 394 433 Qui
437 378 548 418 enim
589 378 818 419 restitissent
855 383 916 436 (1)
950 380 1044 435 agili
1084 382 1122 421 8<
1160 379 1325 420 nautico
1361 380 1634 420 instrumento

312 442 327 487 [1
360 447 466 492 aptae
503 439 543 479 &
580 447 746 478 armatae
787 438 893 479 claffi
924 452 1062 490 naves,
1112 447 1317 478 tormenta
1344 436 1635 491 machinasque

308 505 532 550 portantes,
568 498 605 537 ὅτ
623 505 693 536 aut
714 496 757 536 in
779 497 1057 538 onerariarum
1080 497 1195 538 usum
1217 497 1355 547 versae,
1386 507 1456 538 aut
1478 497 1532 537 ita
1564 509 1638 549 ap-

309 554 435 610 pulsae
471 555 520 594 ad
553 569 711 607 muros,
743 566 789 595 ut
805 571 879 611 pro
897 571 1042 612 aggere
1071 571 1116 598 ac
1149 555 1341 610 pontibus
1365 555 1544 610 praebere
1566 554 1637 594 ad·

309 613 472 654 scensus
512 612 698 668 poffcnt?
730 614 874 669 Itaque
914 616 1069 670 Scipio,
1100 615 1243 655 contra
1284 629 1409 669 quam
1441 615 1484 654 in
1505 611 1639 653 navali

310 685 395 713 cert
399 672 532 712 anine
574 672 690 725 solet,
721 673 918 725 rostratis,
950 690 1040 728 quae
1076 673 1260 729 praefidio
1293 674 1381 714 aliis
1412 674 1489 714 effe
1522 680 1640 727 pote-

311 741 403 772 rant
441 734 518 786 (2),
560 731 602 772 in
641 731 890 787 postremam
932 734 1061 774 aciem
1098 732 1271 788 receptis
1306 746 1434 788 prope
1469 742 1641 780 terram,

311 791 591 831 onerariarum
632 791 941 846 quadruplicem
973 793 1159 833 ordinem
1199 806 1274 847 pro
1306 806 1426 833 muro
1443 791 1640 831 adversus

313 847 470 890 hostem
491 848 702 904 opposuit:
733 851 878 905 easque
900 851 1018 905 ipsas,
1048 865 1099 891 ne
1121 852 1164 890 in
1186 851 1367 891 tumultu
1389 864 1540 906 pugnae
1555 860 1643 889 tur-

313 907 398 949 bari
421 908 584 949 ordines
604 909 775 962 possent,
807 910 924 950 malis
946 909 1212 964 antennisque
1235 911 1284 949 de
1307 924 1407 949 nave
1430 910 1473 948 in
1494 922 1642 949 navem

314 967 515 1022 trajectis,
546 981 591 1007 ac
610 967 752 1008 validis
773 966 941 1008 funibus
955 970 1068 1008 velut
1083 982 1165 1008 uno
1188 969 1294 1008 inter
1326 968 1364 1008 se
1382 968 1545 1009 vinculo
1565 967 1643 1008 illi-

313 1026 433 1081 gatis,
466 1026 829 1080 comprendit(3):
874 1026 1110 1080 tabulasque
1142 1026 1463 1081 superinstravit,
1497 1030 1559 1081 (4)
1596 1034 1643 1067 ut

313 1083 499 1140 pervium
528 1084 713 1125 ordinem
737 1084 918 1126 faceret:
950 1089 992 1128 <Sc
1013 1084 1084 1125 sub
1106 1085 1198 1140 ipsis
1218 1084 1413 1139 pontibus
1434 1085 1645 1126 intervalla

314 1142 430 1194 fecit,
461 1143 541 1198 qua
575 1157 814 1199 procurrere
848 1143 1126 1200 speculatoriae
1150 1146 1210 1198 (5)
1242 1158 1364 1185 naves
1394 1143 1437 1184 in
1467 1143 1646 1195 hostem,

316 1217 362 1242 ac
384 1203 477 1242 tuto
499 1202 626 1257 recipi
656 1202 823 1257 poss'ent.
887 1203 967 1245 His
988 1203 1137 1258 raptim
1161 1217 1234 1257 pro
1266 1212 1450 1257 tempore
1474 1202 1649 1244 instruc·

317 1261 386 1312 tis,
418 1261 528 1301 mille
565 1260 695 1301 ferme
731 1261 881 1302 dele&i
922 1272 1251 1318 propugnatores
1284 1261 1481 1302 onerariis
1514 1261 1648 1317 impo-

316 1330 500 1361 nuntur:
531 1320 708 1361 telorum
740 1320 920 1362 maxime
957 1321 1179 1370 missilium,
1212 1317 1273 1373 ut,
1303 1320 1491 1375 quamvis
1520 1320 1647 1375 longo

316 1378 554 1429 certamine,
587 1378 834 1429 sufficerent,
866 1380 926 1421 vis
948 1380 1092 1436 ingens
1113 1379 1365 1435 congeritur.
1423 1379 1486 1419 Ita
1510 1380 1651 1434 (6)pa-

319 1438 395 1479 rati
436 1447 559 1492 atque
606 1438 753 1480 intenti
814 1437 995 1480 hostium
1051 1439 1272 1480 adventum
1314 1437 1652 1493 opperiebantur.

318 1497 695 1552 Karthaginienses,
738 1497 827 1552 qui,
879 1497 906 1538 fi
947 1498 1224 1546 maturassent,
1273 1498 1413 1537 omnia
1443 1497 1652 1552 permixta

321 1553 441 1597 turba
462 1555 756 1611 trepidantium
778 1556 912 1612 primo
933 1556 1090 1612 impetu
1117 1562 1132 1608 Η
1159 1556 1446 1611 oppreffiffent,
1478 1556 1650 1611 pei-culfi

321 1614 579 1658 terrestribus
598 1614 798 1669 cladibus,
831 1624 953 1670 atque
988 1616 1083 1657 inde
1105 1628 1156 1655 ne
1178 1614 1220 1654 in
1241 1614 1345 1656 mari
1367 1614 1550 1669 quidem,
1580 1613 1650 1655 ubi

323 1672 394 1728 ipsi
424 1674 516 1728 plus
548 1682 754 1728 poterant,
787 1673 880 1715 satis
917 1673 1111 1725 fidentes,
1139 1673 1204 1714 die
1247 1672 1358 1729 segni
1390 1673 1650 1729 navigatione

323 1731 555 1786 absumpto,
587 1730 659 1773 sub
692 1732 880 1774 occasum
902 1732 994 1774 solis
1016 1732 1059 1773 in
1085 1742 1251 1787 portum
1275 1731 1532 1784 (Ruscinona
1555 1731 1651 1772 Afri

325 1793 490 1845 vocant)
512 1790 627 1831 claffe
654 1794 679 1844 ss
696 1792 904 1846 appulere.
934 1791 1094 1846 postero
1128 1791 1194 1831 die
1227 1789 1300 1831 sub
1321 1801 1458 1832 ortum
1476 1790 1600 1831 solis'
1590 1805 1656 1830 m-

326 1849 507 1890 struxere
529 1848 581 1889 ab
596 1851 680 1889 alto
699 1864 837 1900 naves,
867 1850 1045 1893 velutad
1067 1856 1091 1902 †
1104 1849 1260 1906 justum
1279 1850 1474 1904 proelium
1493 1850 1654 1900 navale,

328 1911 369 1950 ἃ
392 1918 586 1962 tanquam
601 1906 769 1950 exituris
792 1906 935 1950 contra
956 1908 1173 1950 Romanis.
1236 1908 1383 1963 Quum
1418 1907 1490 1948 diu
1526 1907 1656 1948 stetis-

328 1966 430 2018 sent,
461 1966 676 2023 postquam
690 1967 791 2010 nihil
812 1967 969 2012 moveri
981 1968 1032 2011 ab
1053 1965 1236 2008 hostibus
1250 1966 1457 2019 viderunt,
1473 1975 1563 2010 tum
1585 1967 1657 2008 de-

1537 2039 1656 2067 mum

381 2164 420 2195 C.
440 2173 488 2194 ιο.
491 2163 548 2204 (1)
561 2162 656 2195 Claffi
673 2161 747 2205 agili
766 2163 806 2195 ad
824 2169 962 2201 motum,
985 2163 1018 2194 δε
1031 2162 1249 2196 instrumento
1260 2160 1395 2196 nautico
1408 2155 1548 2194 ornatae.
1574 2161 1656 2194 Vid.

333 2214 405 2241 not.
422 2218 452 2248 3.
470 2210 510 2240 ad
525 2220 551 2240 c.
569 2219 626 2248 51.
644 2209 667 2240 l.
688 2208 742 2240 26.
769 2209 878 2251 supra·
925 2210 982 2250 (2)
996 2211 1090 2253 Qae,
1110 2209 1132 2242 fi
1146 2209 1265 2252 justum
1282 2209 1398 2242 navale
1415 2207 1566 2250 praelium
1584 2215 1658 2239 ten·

334 2255 473 2286 tandum
505 2256 603 2293 foret,
626 2262 735 2297 tegere
762 2254 840 2286 alias
865 2255 898 2285 δε
924 2256 1210 2297 propugnaculum
1224 2253 1450 2286 onerariarum
1474 2252 1536 2285 effe
1558 2253 1658 2286 debe-

335 2307 422 2333 rent.
473 2302 580 2332 Contra
592 2313 686 2343 quam,
707 2307 744 2332 ut
761 2299 847 2331 infr&
866 2309 964 2342 c·19.
986 2311 1084 2332 contra
1101 2313 1184 2344 quam
1199 2303 1343 2343 sancitum
1358 2300 1463 2342 legibus
1484 2305 1557 2330 erat.
1604 2298 1656 2331 Sic

336 2348 421 2376 advo»
413 2347 471 2388 »fin
488 2360 524 2388 qz
508 2358 572 2376 zani
593 2346 700 2377 Plaut.
725 2345 759 2376 in
784 2345 882 2377 rrin.
900 2355 925 2377 x.
949 2355 977 2378 2.
997 2356 1074 2388 139.
1101 2347 1260 2389 Advorsum
1275 2358 1358 2388 quam
1371 2358 1428 2388 qus
1443 2357 1487 2376 me
1501 2346 1659 2386 obstem-vit

333 2398 431 2435 pater.
490 2392 548 2433 (3)
575 2391 774 2434 Complexus
801 2391 857 2429 est,
879 2392 1061 2434 copulavit.
1107 2393 1164 2433 (4)
1197 2393 1242 2423 Ut
1272 2401 1334 2433 per
1363 2398 1473 2423 totum
1504 2390 1656 2421 ordinem

338 2436 493 2468 transitus
519 2447 557 2468 ex
574 2436 639 2468 uua
654 2437 729 2468 navi
747 2437 780 2469 iu
797 2436 895 2468 aliam
911 2436 1000 2476 effet,
1022 2447 1085 2479 ope
1108 2437 1298 2469 tabularum
1315 2435 1459 2474 illarum,
1483 2445 1564 2476 quas
1578 2445 1656 2467 mox

335 2489 433 2526 pontes
458 2489 568 2515 vocat.
615 2483 672 2524 (5)
697 2484 760 2514 Hae
785 2483 884 2514 nax'tes
901 2482 1044 2515 minores
1067 2491 1173 2521 erant,
1194 2483 1259 2514 stne
1273 2481 1390 2514 rostris.
1406 2481 1495 2513 infra
1512 2480 1536 2512 l.
1556 2480 1612 2520 36.
1631 2491 1662 2512 c.

342 2536 396 2564 42.
421 2529 516 2558 multis
527 2535 669 2570 proeterea
697 2529 861 2566 minoribus,
882 2539 947 2571 quae
971 2535 1022 2560 aut
1047 2535 1152 2571 aPertae
1176 2528 1324 2568 rostrata,
1344 2534 1394 2558 aut
1403 2528 1464 2568 fine
1481 2526 1658 2569 rostri-rspe-

342 2574 488 2606 calamia
503 2581 595 2605 erant·
641 2573 698 2618 (6)
713 2576 822 2606 Parati
836 2576 987 2617 intentique
998 2574 1184 2618 junguntur
1211 2574 1310 2618 supra
1326 2572 1350 2607 l.
1370 2581 1466 2612 24-0·
1488 2580 1543 2613 39.
1568 2571 1587 2602 l.
1607 2581 1661 2612 29.

1584 2627 1615 2650 c.
1631 2618 1665 2649 ὀ.
