1834 3099
108 193 191 246 256

108 2184 203 2226 Scr'pt'o
214 2193 296 2226 agros

106 2231 276 2273 populatur,

110 2279 187 2307 vilio
197 2278 276 2318 equi·

112 2329 176 2353 tatu
190 2322 278 2354 Kar-

116 2368 196 2410 &hog-

814 192 868 234 T.
913 191 1109 234 LIVII

334 307 559 364 conspeetu
580 308 764 364 primum
796 309 940 360 elaffis,
973 311 1067 351 dein
1092 310 1275 350 tumultu
1302 307 1604 366 egredientium
1628 305 1670 347 in

334 378 500 419 terram,
532 382 659 423 pavor
679 377 892 425 terrorque
926 379 1183 425 pervenerat,
1217 368 1283 410 sed
1316 369 1358 408 in
1396 367 1500 423 ipsas
1530 366 1667 408 urbes.

333 441 468 482 neque
489 428 600 468 enim
621 427 840 469 hominum
865 431 928 484 (ι)
951 426 1078 470 modo
1101 428 1238 482 turba,
1270 427 1492 468 mulierum
1521 441 1671 482 puero-

332 500 510 541 rumque
547 485 781 543 agminibus
818 487 1020 538 immixta,
1050 502 1196 529 omnes
1228 487 1369 542 paffim
1392 489 1671 541 compleverat

332 545 435 597 vias,
468 544 533 586 sed
556 559 704 601 pecora
727 561 892 602 quoque
922 562 1005 603 prae
1030 547 1067 588 se
1090 547 1266 603 agrestes
1301 545 1503 603 agebant3
1539 556 1584 586 ut
1606 560 1672 586 re-

332 604 465 659 linqui
502 604 638 646 subito
674 606 861 647 Africam
897 607 1152 662 diceres(2).
1208 605 1399 648 Urbibus
1439 604 1540 646 vero
1578 605 1671 659 ipsis

332 665 550 720 majorem,
583 663 709 719 quam
732 680 858 721 quem
892 665 1030 707 secum
1065 667 1301 715 attulerant,
1336 675 1532 706 terrorem
1565 663 1672 704 inse-

332 722 491 765 rebant.
525 722 732 780 praecipue
768 724 1035 781 Karthaginis
1063 728 1192 781 prope
1221 735 1267 765 ut
1303 734 1432 780 captae
1465 725 1671 764 tumultus

331 782 427 824 fuit.
490 783 602 824 Nam
633 784 722 839 post
754 784 818 826 M.
857 785 1035 825 Atilium
1072 784 1286 841 Regulum
1313 787 1351 825 &
1385 784 1435 824 L.
1460 783 1670 824 Manlium

332 841 537 892 consules,
570 843 687 884 annis
719 846 787 899 (3)
812 841 938 898 prope
974 843 1295 900 quinquaginta,
1328 844 1489 883 nullum
1514 843 1673 883 Roma-

332 915 437 942 num
457 902 685 942 exercitum
708 903 908 952 viderant,
941 913 1089 958 praeter
1105 903 1370 957 praedatorias
1392 901 1546 952 classes,
1579 901 1672 956 qui-

334 960 412 1002 bus
429 959 744 1013 ‡exscens10nes
761 961 802 1000 in
823 976 942 1016 agros
964 962 1195 1003 maritimos
1217 961 1340 1003 faecae
1357 972 1497 1002 erant:
1529 960 1674 1016 raptis-

336 1034 435 1075 que,
467 1034 560 1074 quae
582 1019 701 1061 obvia
723 1019 809 1062 fors
840 1020 1009 1069 fecerat,
1042 1018 1158 1076 prius
1194 1020 1407 1061 recursum
1438 1020 1597 1076 semper
1618 1020 1671 1060 ad

336 1092 476 1127 naves,
507 1077 634 1133 quam
657 1080 812 1120 clamor
847 1079 1026 1135 agrestes
1047 1079 1246 1129 conciret,
1279 1078 1428 1120 fuerat.
1467 1094 1516 1120 eo
1539 1081 1672 1135 major

335 1148 426 1179 tum
449 1136 548 1194 suga
582 1152 790 1193 pavorque
824 1138 867 1179 in
905 1138 1006 1180 urbe
1046 1137 1141 1180 fuit.
1204 1138 1274 1190 Et,
1303 1139 1504 1191 Hercule,
1535 1152 1672 1193 neque

334 1196 542 1239 exercitus
579 1197 692 1237 domi
730 1197 897 1247 salidus,
929 1211 1065 1253 neque
1101 1198 1202 1248 duit,
1235 1211 1361 1252 quern
1398 1207 1674 1253 opponerent,

334 1267 434 1298 erat.
496 1256 746 1307 Hasdrubal,
800 1257 997 1313 Gisgonis
1033 1256 1159 1308 filius,
1191 1270 1356 1313 genere,
1400 1256 1528 1308 fama,
1569 1256 1674 1297 divi-

333 1317 417 1367 tiis,
451 1315 560 1372 regia
592 1326 681 1357 tum
720 1317 844 1358 etiam
879 1316 1093 1368 affinitate,
1143 1315 1266 1372 longe
1299 1316 1458 1371 primus
1494 1315 1672 1358 civitatis

334 1384 445 1417 erat:
477 1375 545 1416 sed
566 1389 663 1416 eum
685 1375 735 1416 ab
758 1376 828 1416 illo
848 1375 933 1431 ipso
956 1375 1151 1431 Scipione
1174 1375 1331 1431 aliquot
1351 1375 1511 1431 proeliis
1531 1374 1671 1416 fusum

332 1434 581 1490 pulsumque
616 1435 657 1476 in
692 1435 892 1490 Hispani&
926 1436 1227 1476 meminerant:
1258 1448 1334 1476 nec
1366 1434 1498 1490 magis
1519 1435 1671 1475 ducem

334 1494 430 1535 duci
462 1508 618 1550 parem,
651 1494 778 1549 quam
812 1495 1132 1536 tumultuarium
1166 1494 1394 1535 exercitum
1425 1494 1545 1535 suum
1582 1494 1672 1535 Ro-

334 1567 459 1594 mano
495 1553 694 1595 exercitui
736 1554 827 1594 effe.
888 1554 1047 1609 Itaque,
1081 1554 1192 1594 velut
1215 1554 1240 1593 fi
1273 1552 1419 1594 urbem
1460 1554 1670 1608 extemplo

335 1612 590 1669 aggressurus
606 1612 747 1668 Scipio
767 1612 889 1663 foret,
921 1612 978 1653 ita
1000 1614 1051 1654 ad
1073 1627 1184 1653 arma
1202 1612 1259 1653 est
1294 1618 1310 1664 ΙΙ
1337 1613 1643 1654 conclamatum
1662 1627 1674 1653 ε

333 1681 546 1726 portaeque
567 1672 717 1727 raptim
749 1671 910 1722 clausae,
946 1673 985 1713 δε
1010 1671 1156 1713 armati
1184 1671 1226 1711 in
1261 1672 1406 1723 muris,
1439 1671 1673 1728 vigiliaeque

334 1732 374 1772 δε
397 1729 590 1772 stationes
623 1731 837 1786 dispositae,
870 1746 915 1772 ac
938 1730 1062 1772 not-[te
1092 1731 1323 1786 insequenti
1345 1732 1560 1788 vigilatum
1597 1730 1671 1772 est.

334 1789 504 1831 Postero
525 1789 591 1830 die
629 1790 847 1845 quingenti
879 1789 1054 1845 equites,
1087 1790 1344 1845 speculatum
1365 1792 1417 1831 ad
1449 1804 1562 1830 mare
1585 1799 1673 1830 tur-

333 1847 572 1904 bandosque
611 1850 868 1905 egredientes
910 1863 964 1890 ex
1006 1849 1178 1890 navibus
1221 1849 1341 1902 miffi,
1391 1850 1434 1889 in
1476 1849 1670 1890 stationes

335 1908 627 1949 Romanorum
648 1908 897 1950 inciderunt.
916 1909 1002 1964 jam
1031 1908 1144 1949 enim
1166 1908 1322 1963 Scipio,
1354 1909 1471 1950 classe
1493 1909 1669 1950 Uticam

333 1966 464 2018 missa,
495 1966 577 2022 ipse
594 1966 706 2008 haud
728 1967 782 2008 ita
815 1965 997 2007 multum
1032 1968 1262 2023 progressus
1284 1982 1305 2008 a
1335 1967 1454 2018 mari,
1486 1968 1671 2009 tumulos

333 2026 549 2081 proximos
563 2036 758 2082 ceperat;
789 2026 947 2082 equites
971 2027 1008 2067 8:
1044 2027 1086 2066 in
1118 2026 1362 2069 stationibus
1382 2027 1485 2069 locis
1511 2026 1670 2069 idoneis

335 2084 543 2140 posuerat,
577 2088 617 2127 δι
640 2100 712 2140 per
732 2100 851 2141 agros
874 2084 1035 2126 miserat
1056 2086 1300 2140 praedatum.

398 2143 558 2187 XXIX.
588 2143 623 2185 Ii
640 2158 736 2186 cum
754 2143 1083 2200 Karthaginicnfi
1111 2145 1296 2199 equitatu
1319 2145 1515 2200 proelium
1538 2157 1671 2199 quum

337 2202 641 2254 commisissent,
671 2218 825 2259 paucos
859 2204 901 2243 in
932 2203 1019 2259 ipso
1052 2205 1291 2255 certamine,
1322 2204 1537 2258 plerosque
1560 2203 1671 2260 sugi-

337 2271 453 2304 entes
475 2261 675 2318 persecuti
698 2263 758 2320 (in
775 2261 923 2318 quibus
936 2262 1183 2318 praefetstum
1212 2277 1378 2318 quoque
1398 2263 1672 2313 Hannonem,

388 2402 427 2434 C·
446 2400 498 2434 28.
513 2401 566 2442 (1)
585 2402 629 2433 Tc)
639 2401 759 2434 homines
779 2401 964 2445 opponitur
983 2403 1141 2446 pecorIbus,
1165 2402 1198 2435 &
1215 2406 1363 2436 mularum
1385 2411 1595 2447 puerorumque
1609 2413 1671 2445 per

341 2446 531 2489 epexegefin
548 2446 685 2480 dicitur.
733 2447 842 2490 Suprfi.
859 2448 878 2479 l.
908 2459 937 2481 2.
954 2460 980 2480 c.
1003 2458 1056 2489 23.
1073 2450 1191 2481 Multis
1204 2451 1305 2494 pqffim
1329 2453 1487 2494 agminibus
1506 2457 1562 2492 per
1577 2462 1670 2481 omne:

340 2495 409 2524 vias
425 2495 545 2524 clamore
555 2495 691 2535 inforum
701 2497 841 2526 curritur.
891 2495 1031 2525 Immixta
1043 2503 1154 2527 autem
1171 2506 1234 2538 pro
1263 2495 1399 2539 fimplici
1413 2499 1508 2527 mixta
1525 2508 1535 2525 .·
1561 2502 1598 2526 ut
1616 2495 1670 2526 su·

341 2541 403 2579 pri
420 2537 440 2569 Ι.
459 2540 511 2571 26.
528 2550 556 2570 c.
575 2538 628 2579 36.
650 2542 747 2572 variis
758 2540 860 2584 cffbus
876 2542 1025 2572 immixtis.
1043 2541 1075 2572 δε
1095 2542 1180 2573 infra
1199 2541 1223 2574 l.
1237 2551 1292 2583 35.
1309 2553 1338 2575 c.
1355 2552 1410 2583 34.
1431 2543 1601 2586 immiscendi
1624 2553 1671 2574 res

340 2585 472 2615 tumultu.
513 2584 571 2626 (2)
583 2584 663 2618 Vid.
676 2592 748 2618 not.
767 2594 799 2617 2.
816 2585 858 2617 ad
875 2597 902 2620 c.
924 2595 977 2619 ιι.
991 2586 1012 2617 l.
1030 2597 1063 2627 3.
1077 2587 1190 2630 supra.
1235 2589 1293 2632 (3)
1310 2587 1375 2622 Hic
1393 2588 1436 2621 est
1449 2598 1556 2620 annus
1572 2586 1670 2630 quin-

340 2629 543 2674 quagessmus
556 2630 672 2664 tertius
687 2642 706 2664 a
722 2631 851 2674 Regulo
868 2632 901 2665 &
919 2632 1054 2667 Manlio
1069 2632 1143 2666 cossl

1489 2680 1671 2741 nobilem
