1840 3094
151 597 326 628 Hmnibalis

147 646 174 672 it:
179 644 248 672 sidia
252 666 258 672 .

823 194 877 236 T.
937 195 1131 237 LIVII

375 313 570 353 damnum
588 312 698 353 haud
720 311 931 367 :egerrime
953 312 1035 368 pati
1055 328 1064 352 ε
1096 312 1195 366 quin
1218 311 1355 366 potius
1379 313 1557 362 credere,
1579 313 1690 352 velut

375 376 437 426 (2)
459 372 675 413 inescatam
708 371 979 412 temeritatem
1017 371 1229 411 ferocioris
1266 370 1443 410 consulis
1483 386 1528 412 ac
1562 385 1690 411 novo-

373 443 467 470 rum
502 429 676 470 maxime
713 430 889 470 militum
924 430 1015 470 effe.
1057 432 1098 470 ἂν
1134 429 1269 469 omnia
1293 429 1330 468 ei
1351 428 1548 480 hostium,
1579 429 1690 469 haud

374 489 488 531 secus
524 488 648 543 quiim
691 488 774 538 sua,
825 498 920 528 nota
963 498 1109 528 erant:
1162 487 1365 527 dissimiles
1407 486 1691 541 discordesque

372 548 622 602 imperitare,
655 548 754 587 duas
790 550 918 601 prope
961 550 981 598 12
1023 556 1156 600 partes
1199 546 1379 585 tironum
1424 545 1604 585 militum
1647 545 1713 596 iu¹

370 607 553 647 exercitu
574 607 663 647 effe.
726 605 887 659 Itaque,
919 606 1056 644 locum
1078 615 1118 643 et
1141 613 1301 658 tempus
1321 601 1470 643 insidiis
1490 615 1630 658 aptum
1653 603 1692 643 se

370 664 519 706 habere
540 675 666 714 ratus,
698 663 821 704 noCte
857 663 1043 716 proxim&
1083 662 1182 702 nihil
1212 673 1360 717 praeter
1381 676 1492 701 arma
1514 661 1692 702 ferentes

372 724 507 765 secum
531 723 681 763 milites
702 724 874 769 ducens,
907 722 1034 761 castra
1075 721 1195 775 plena
1234 720 1368 761 omnis
1408 719 1586 760 fortunae
1627 722 1690 775 (3)

370 781 544 836 publicae
566 781 814 836 privataeque
835 779 1030 833 relinquit
1051 795 1063 828 ς
1095 778 1282 833 transque
1305 779 1513 833 proximos
1530 788 1692 819 montes

370 842 471 882 lzevft
506 840 663 894 pedites
697 838 917 879 instruetos
958 838 1099 878 condit
1122 840 1201 893 (4),
1233 838 1374 877 dextrfx
1405 837 1580 890 equites,
1610 837 1691 876 im-

370 900 604 954 pedimenta
624 912 695 953 per
716 897 960 946 convallem,
993 896 1174 935 medium
1211 910 1375 951 agmen,
1407 896 1612 936 traducit:
1645 906 1690 936 ut

371 957 609 1012 diripiendis
631 956 742 996 velut
764 955 929 996 desertis
951 954 1048 1009 fug&
1084 954 1347 995 dominorum
1390 953 1528 994 castris
1565 968 1690 994 occu-

370 1027 512 1070 patum
535 1015 860 1068 impeditumque
879 1012 1037 1052 hostem
1058 1013 1320 1067 opprimeret.
1383 1012 1528 1054 Crebri
1554 1012 1687 1052 relicti

369 1077 412 1115 in
435 1074 573 1115 castris
595 1073 725 1127 ignes,
759 1083 802 1111 ut
825 1071 927 1112 fides
947 1070 1077 1119 fieret,
1109 1071 1208 1110 dum
1232 1070 1312 1125 ipse
1330 1071 1491 1124 longius
1513 1070 1689 1124 spatium

370 1132 468 1187 fug&
486 1139 510 1186 †
529 1130 781 1186 praeciperet,
815 1128 912 1169 falsa
933 1129 1112 1184 imagine
1134 1129 1358 1170 castrorum
1376 1129 1493 1183 (ficut
1514 1128 1687 1169 Fabium

369 1192 503 1245 priore
525 1203 633 1230 anno
655 1187 871 1229 frustratus
887 1188 1000 1242 effet)
1036 1197 1173 1227 tenere
1196 1187 1239 1227 in
1264 1187 1366 1228 locis
1403 1190 1465 1243 (5)
1500 1187 1687 1228 consules

369 1249 548 1290 voluiss'e.

427 1306 563 1348 XLII.
595 1304 685 1346 Ubi
707 1304 858 1355 illuxit,
890 1302 1100 1344 subduffle
1122 1303 1259 1358 primo
1288 1302 1479 1345 stationes
1507 1306 1584 1360 (1),
1615 1304 1687 1344 de-

369 1365 464 1406 inde
504 1364 673 1418 propius
713 1362 956 1403 adeuntibus
992 1362 1200 1402 insolitum
1236 1362 1438 1403 silentium
1478 1362 1688 1403 admirati-

369 1438 492 1464 onem
514 1422 625 1462 fecit.
688 1422 782 1475 Jam
805 1420 897 1461 satis
920 1421 1130 1475 comperta
1164 1420 1398 1472 solitudine,
1433 1422 1496 1475 (2)
1527 1421 1570 1461 in
1601 1420 1686 1462 cas-

368 1483 441 1522 tris
481 1479 701 1522 concursus
737 1478 783 1519 fit
817 1480 867 1518 ad
904 1479 1092 1532 praetoria
1134 1479 1364 1529 consulum,
1397 1479 1684 1520 nunciantium

366 1540 508 1596 sugam
542 1537 722 1578 hostium
759 1538 863 1577 adeo
905 1536 1123 1590 trepidam,
1153 1546 1212 1588 ut,
1242 1536 1514 1578 tabernaculis
1545 1538 1688 1579 stanti-

365 1599 454 1643 bus,
487 1597 614 1639 castra
635 1595 874 1649 reliquerint
892 1611 902 1635 ε
933 1592 1099 1649 quoque
1121 1594 1220 1651 fuga
1239 1595 1448 1636 obscurior
1468 1597 1577 1647 effet,
1599 1610 1688 1637 cre-

364 1656 459 1700 bros
481 1656 604 1696 etiam
625 1654 790 1695 relie'tos
812 1654 940 1708 ignes.
1002 1653 1169 1693 Clamor
1207 1654 1302 1694 inde
1332 1664 1464 1704 ortus,
1495 1664 1540 1694 ut
1576 1655 1685 1710 signa

366 1714 540 1771 proferri
574 1713 780 1769 juberent,
813 1713 1090 1766 ducerentque
1127 1712 1177 1751 ad
1214 1711 1513 1766 persequendos
1533 1712 1685 1762 hostes,

366 1789 412 1815 ac
435 1772 622 1829 protinus
643 1770 769 1810 castra
791 1770 1030 1824 diripienda.
1091 1769 1142 1810 Et
1162 1769 1302 1810 consul
1325 1772 1425 1812 alter
1445 1771 1556 1812 velut
1577 1785 1684 1826 unus

365 1832 497 1873 turbae
529 1829 713 1870 militaris
749 1838 848 1868 erat.
909 1829 1076 1869 Paullus
1097 1827 1221 1868 etiam
1243 1837 1364 1882 atque
1385 1830 1508 1870 etiam
1530 1830 1684 1880 dicere,

365 1889 663 1945 providendum
685 1887 1078 1941 praecavendumque
1095 1886 1184 1928 effe.
1207 1886 1429 1940 postremo,
1461 1901 1590 1942 quum
1613 1888 1686 1928 ali-

365 1959 428 1989 ter
465 1960 597 2002 neque
637 1945 875 1986 seditionem
917 1958 1049 1998 neque
1090 1945 1238 1985 ducem
1262 1944 1468 1986 seditionis
1489 1945 1683 1986 sustinere

366 2007 507 2061 posset,
547 2007 611 2060 (3)
645 2003 829 2044 Marium
870 2002 1078 2044 Statilium
1123 2002 1368 2058 praefei‘tum
1409 2018 1506 2045 cum
1548 2005 1681 2045 turmfi

368 2063 537 2105 Lucan&
569 2063 826 2115 exploratum
868 2061 1006 2101 mittit.
1039 2060 1125 2114 qui,
1157 2060 1226 2100 ubi
1260 2062 1509 2115 adequitavit
1539 2063 1686 2116 portiS,

368 2123 572 2165 subsistere
594 2129 707 2161 extra
729 2119 985 2162 munimenta
1006 2119 1150 2161 ceteris
1166 2119 1297 2176 juliis,
1329 2119 1410 2176 ipse
1452 2134 1547 2162 cum
1581 2121 1684 2162 duo-

1608 2177 1685 2220 bus

370 2300 421 2340 (2)
443 2299 521 2330 Ter.
543 2298 574 2328 in
594 2296 657 2327 Ad.
683 2305 713 2328 2.
740 2305 770 2328 2.
797 2303 847 2326 12.
871 2295 1024 2334 Nunquam
1039 2308 1094 2326 rem
1108 2295 1228 2335 sace‘es:
1250 2296 1307 2334 abl,
1328 2297 1408 2336 nefin‘s
1419 2295 1539 2337 inescare
1554 2295 1683 2333 homines,

371 2346 484 2375 Sannio.
529 2343 582 2382 (3)
606 2341 715 2379 Ορυιη
739 2339 934 2378 publicarum
952 2340 1223 2379 privatarumque.
1271 2341 1322 2380 (4)
1340 2341 1390 2370 Sic
1403 2344 1511 2371 condere
1525 2342 1553 2370 in
1569 2339 1682 2369 vincula

370 2398 524 2423 carcerem,
545 2385 683 2428 cqssodiam
699 2383 819 2422 passim.
888 2384 968 2411 Mox
993 2384 1193 2424 impedimenta,
1215 2385 1328 2412 medium
1351 2395 1446 2424 agmen
1462 2392 1518 2423 per
1543 2384 1563 2424 †
1581 2389 1681 2420 epex‘-

371 2429 472 2469 egesm
507 2429 634 2458 dicitur.
680 2429 732 2466 (5)
756 2427 881 2465 Nempe
903 2424 935 2454 in
962 2425 1076 2469 quibus
1098 2431 1203 2455 erant.
1245 2425 1316 2465 Jac.
1343 2426 1526 2458 Gronovius
1565 2434 1622 2465 pro
1650 2426 1680 2455 ia

371 2475 434 2503 locis
462 2470 523 2511 legi
546 2471 612 2501 vult
633 2473 666 2502 iis
680 2472 752 2500 loc1's.

415 2515 455 2546 C.
475 2521 526 2553 42.
548 2514 600 2552 (ι)
626 2512 736 2551 Sus-pl.
764 2508 981 2543 admirationem
995 2512 1141 2552 fecerunt.
1190 2509 1242 2549 (2)
1267 2509 1401 2542 Mallem
1421 2521 1512 2543 voces
1527 2512 1556 2542 ῖη
1570 2509 1678 2550 castris·

371 2567 443 2589 cum
464 2557 605 2597 solitudine
624 2555 766 2596 jungere.
788 2555 826 2585 E.
881 2555 932 2593 (3)
956 2553 1198 2586 Observandum
1225 2552 1268 2584 est
1286 2553 1382 2595 longe
1403 2553 1496 2585 aliam
1514 2553 1603 2585 fuisse
1627 2565 1680 2586 ra.

371 2601 493 2630 tionem
508 2599 737 2638 praenominum
752 2597 834 2635 apud
852 2596 992 2636 reliquos
1013 2595 1113 2628 {taliae
1127 2594 1275 2636 populos,
1284 2595 1384 2636 quam
1395 2597 1477 2635 apud
1495 2598 1678 2638 Romanos3

368 2643 403 2674 ἀ
421 2652 493 2682 qnae
509 2642 592 2679 apud
619 2639 676 2670 hos
699 2640 828 2669 nom'ma
845 2640 1002 2680 gentilitia
1015 2645 1119 2676 erant,
1140 2638 1300 2670 interdum
1318 2641 1551 2678 praenominum
1576 2642 1678 2672 vicem

371 2686 454 2723 apud
479 2684 548 2715 51}oe
569 2681 745 2714 obtinuisse.
793 2683 872 2713 Mox
887 2689 982 2714 tuma
1005 2683 1133 2718 Lucana,
1179 2690 1212 2712 ut
1227 2681 1320 2721 supra
1337 2682 1356 2713 1.
1373 2691 1421 2714 10.
1436 2693 1463 2715 c.
1481 2691 1533 2722 33.
1557 2683 1678 2715 cohortes

369 2731 455 2768 eluar,
480 2729 623 2759 Lucas-ram
648 2723 867 2768 Sueffarmmque.
894 2725 978 2758 infr&
1004 2719 1025 2758 l.
1047 2733 1101 2767 44.
1127 2732 1159 2761 ε.
1177 2732 1228 2765 4ο.
1251 2726 1313 2757 dnae
1334 2732 1434 2758 turma
1453 2729 1585 2770 equitnm,
1608 2729 1681 2758 Pla-

1567 2772 1678 2804 centia
