1834 3099
391 97 620 140 LIBER
666 95 846 138 XXVII.
881 95 1034 137 CAP.
1082 95 1136 137 II.

171 214 227 256 ΙΙ.
260 215 506 267 Marcellus,
555 214 657 255 nihil
693 213 918 255 admodum
953 213 1065 253 tanta
1102 213 1216 255 clade
1252 213 1434 264 territus,

111 272 249 315 literas
271 274 451 315 Romam
473 277 522 316 ad
537 274 724 314 senatum·
739 273 789 313 de
808 274 912 312 duce
935 274 975 312 &
991 273 1174 313 exercitu
1198 274 1247 313 ad
1270 273 1435 314 Herdo-

111 345 233 372 neam
251 333 388 373 amisso
404 333 551 374 scribit.
584 331 763 380 cetea-iem,
778 330 930 371 eundem
939 331 997 385 se,
1030 332 1094 385 qui
1109 331 1185 387 pcst
1207 331 1436 387 Camzenstm

104 401 274 445 pugnam
293 397 318 445 †
319 392 485 448 ferocem
506 393 668 432 vicaria*
693 389 949 430 Hannibalem
969 389 1192 445 contudgffi’t,
1225 392 1281 430 ire
1295 391 1436 431 adver-

96 450 171 504 stis
190 465 288 499 eum,
319 452 466 492 brevem
499 451 556 490 illi
586 450 771 499 laetitiam,
803 448 881 502 qud
911 448 1076 501 exsultet,
1094 448 1318 504 faHurum.
1384 448 1435 490 Et

113 507 261 548 Romae
278 510 446 562 quidem
467 523 596 564 quum
618 506 756 548 laetus
773 507 916 562 ingens
953 520 1005 546 ex
1021 508 1241 560 praeterito,
1266 517 1363 547 ‘tum
1387 508 1438 548 ti-

112 579 205 606 mor
226 567 268 607 in
302 567 491 609 futurum
523 577 621 608 erat.
686 565 855 616 Consul,
885 579 938 605 ex
965 565 1135 605 Samnio
1167 567 1208 606 in
1240 566 1435 607 Lucanos

112 625 390 682 transgreffus,
434 628 486 667 ad
514 624 826 667 Numistronem
862 624 903 663 in
937 623 1160 678 conspe8m
1190 624 1434 666 Hannibalis

111 684 205 725 loco
236 686 374 740 plano,
406 699 536 741 quum
567 684 726 724 Poenus
747 684 894 723 collem
931 692 1104 733 teneret,
1137 682 1270 737 posuit
1292 683 1431 723 castra.

113 745 356 799 (1)Addidit
378 747 416 786 &
433 744 552 784 aliam
569 742 733 783 fidentis
756 742 947 796 speciem,
979 739 1092 795 quod
1115 742 1226 796 prior
1244 742 1286 781 in
1303 742 1431 782 aciem

112 806 136 855 ‡
156 803 311 843 eduxit.
335 817 409 844 nec
442 802 683 843 detrectavit
705 801 929 849 Hannibal,
963 810 1007 840 ut
1025 800 1133 856 ligna
1154 800 1282 855 portis
1292 801 1434 841 efferri

112 861 228 902 vidit.
290 862 352 902 Ita
374 872 509 902 tamen
532 864 594 916 (2)
615 860 744 901 aciem
766 859 1064 910 instruxerunt,
1097 869 1142 899 ut
1162 859 1318 900 Poenus
1334 860 1436 900 dex·

114 930 223 960 trum
240 935 369 961 cornu
391 921 433 960 in
462 921 610 961 collem
639 919 827 974 erigeret,
861 918 1042 958 Romani
1063 917 1264 958 sinistrum
1293 919 1342 959 ad
1362 933 1436 973 op-

111 979 258 1034 pidum
287 980 551 1035 applicarent.
611 978 679 1019 Ab
719 976 819 1017 hora
858 977 976 1018 tertia
1011 991 1140 1031 quum
1175 978 1225 1017 ad
1266 978 1434 1018 noetem

112 1052 294 1094 pugnam
335 1038 621 1089 extendissent,
672 1036 861 1091 feffaeque
891 1037 1114 1091 pugnando
1151 1036 1296 1090 primae
1329 1036 1436 1078 acies

112 1097 252 1147 effent,
286 1100 347 1153 (3)
379 1097 428 1138 ab
453 1071 655 1138 Romaiiis
684 1095 817 1151 prima
849 1095 958 1150 legio
983 1097 1020 1136 &
1049 1095 1254 1147 dextera4
1274 1095 1353 1147 ala,
1386 1095 1436 1137 ab

112 1155 346 1197 Hannibale
364 1155 537 1211 Hispani
567 1155 717 1195 milites
742 1157 782 1197 &
805 1153 990 1194 funditor
1012 1153 1196 1203 Baliaris,
1227 1152 1436 1208 elephanti

113 1229 295 1269 quoque,
327 1215 537 1256 commisso
562 1215 650 1270 jam
671 1213 909 1262 certamine,
940 1212 983 1252 in
1009 1212 1196 1267 praelium
1227 1212 1335 1253 aeli:
1362 1212 1436 1254 diu

112 1288 252 1329 pugna
271 1275 419 1315 neutro
437 1274 629 1314 inclinata
651 1272 771 1313 stetit.
839 1271 986 1313 Primae
1000 1271 1152 1326 legioni
1173 1271 1306 1321 tertia,
1336 1272 1436 1311 dex-

112 1343 210 1373 terae
229 1334 301 1374 alae
321 1332 473 1373 sinistra
491 1331 625 1382 subiit,
660 1333 700 1373 δι’
717 1331 825 1385 apud
847 1329 982 1371 hostes
1003 1330 1150 1386 integri
1165 1345 1187 1370 a
1206 1329 1311 1371 feffis
1333 1345 1439 1386 pug-

112 1405 210 1431 nam
227 1405 432 1446 accepere.
478 1391 644 1432 Novum
667 1401 788 1444 atque
811 1400 929 1430 atrox
950 1389 1144 1443 proelium
1159 1403 1212 1429 ex
1227 1388 1436 1445 tam‡seg-

112 1451 155 1490 ni
177 1464 343 1505 repente
366 1450 526 1499 exarlit‚
559 1449 793 1490 recentibus
819 1447 967 1488 animis
987 1447 1336 1502 corporibusque:
1367 1448 1435 1489 led

114 1524 193 1550 nox
213 1508 366 1550 incerta
387 1509 560 1550 vinitoria
582 1507 746 1548 diremit
768 1516 1011 1562 pugnantes.
1074 1506 1239 1547 Postero
1262 1506 1327 1547 die
1347 1506 1437 1547 Ro-

113 1569 225 1608 mani
247 1568 296 1609 ab
320 1568 399 1609 sole
426 1578 518 1608 orto
539 1568 580 1607 in
605 1571 628 1620 ‡
650 1567 827 1607 multum
863 1565 945 1605 diei
982 1565 1126 1606 stetere
1157 1565 1199 1605 in
1222 1565 1332 1606 acie.
1365 1564 1436 1606 ubi

113 1641 235 1667 nemo
256 1627 432 1668 hostium
458 1625 646 1667 adversus
669 1625 833 1680 prodiit,
868 1623 991 1679 spolia
1024 1638 1095 1678 per
1116 1624 1247 1664 otium
1284 1622 1434 1679 legere,

117 1689 155 1727 ἃ
181 1686 424 1742 congestos
416 1700 455 1725 in
483 1700 608 1725 unum
630 1686 767 1724 locum
790 1697 1021 1724 cremavere
1045 1682 1151 1724 suos.
1213 1682 1383 1723 NoCte
1374 1697 1437 1722 in-

113 1745 297 1800 sequenti
336 1745 546 1786 Hannibal
579 1743 735 1784 silentio
760 1742 888 1783 movit
919 1741 1061 1793 castra,
1097 1745 1135 1784 δι
1171 1741 1211 1783 in
1237 1741 1436 1797 Apuliam

1309 1799 1436 1842 abiit:

162 1955 200 1986 C.
220 1963 252 1986 2.
268 1953 325 1995 (1)
339 1952 478 1985 Addidit
493 1953 523 1984 Sc
541 1953 642 1990 aliud,
665 1963 703 1984 ex
719 1963 787 1994 quo
814 1950 966 1983 fiduciam
983 1950 1097 1983 itidem
1122 1950 1283 1983 ostentare
1307 1951 1437 1983 videre-

117 2007 195 2036 tur‚·
222 2010 350 2040 nempe,
375 2001 466 2042 quod
490 1999 583 2041 prior
608 2000 671 2030 ὅτε.
717 1999 774 2040 (2)
806 1998 865 2028 Vis
886 2010 922 2028 w
938 2006 1030 2028 tamen
1060 1997 1125 2028 hcec
1151 1996 1218 2029 est:
1245 2008 1434 2039 quanquam

117 2053 236 2077 neutra
253 2056 328 2088 pars
341 2056 485 2087 pugnam
502 2045 713 2081 detrectaret,
735 2043 780 2075 ita
794 2051 904 2075 tamen
927 2042 1029 2074 aciem
1046 2042 1287 2080 instruxerunt,
1310 2050 1347 2075 ut
1367 2053 1435 2074 non

117 2092 195 2122 totis
209 2091 374 2122 frontibus
402 2091 507 2122 statim
531 2097 776 2121 concuirerent.
796 2091 834 2120 E.
882 2089 940 2130 (3)
956 2088 1143 2130 Sequentia,
1165 2089 1266 2130 usque
1283 2089 1323 2120 ad
1339 2099 1438 2120 voces

118 2140 146 2169 ι’-ι
160 2139 289 2179 praelium
309 2140 378 2174 αὲῖί,
400 2147 459 2178 per
485 2134 675 2177 epexegesin
695 2134 914 2177 intelligenda
930 2133 1017 2172 sunt,
1041 2142 1075 2165 ut
1094 2134 1224 2166 dicatur
1251 2145 1290 2165 ex
1315 2133 1437 2175 quibus

117 2183 220 2235 copiis
250 2182 357 2233 prima
387 2184 615 2213 Romanorum
633 2181 665 2210 δι
683 2180 878 2212 Hannibalis
902 2179 985 2211 acics
1014 2179 1205 2211 constiterit
1255 2180 1369 2233 Qum
1384 2180 1437 2212 hae

118 2229 231 2271 primae
250 2229 334 2259 acies
353 2228 391 2259 ad
411 2239 464 2258 no‹
457 2228 543 2258 ‘Rern
562 2237 704 2268 pugnam
722 2225 949 2263 extendissent,
972 2226 1096 2256 tamdiu
1115 2236 1225 2267 pugna
1242 2228 1364 2257 neutro
1386 2225 1437 2257 in-

116 2275 159 2307 cli
153 2282 241 2305 ¹nata
253 2274 345 2305 stetit.
380 2276 410 2304 T
415 2284 468 2305 um
480 2274 560 2304 vero
577 2271 739 2303 subsidia
731 2283 766 2303 in
783 2270 933 2314 pra-lium
948 2284 982 2301 ι
980 2275 1019 2302 Μ
1051 2271 1133 2302 sunt.
1180 2271 1435 2304 Distinstionem

118 2321 251 2363 plenam
284 2319 353 2362 post
381 2318 592 2362 participium
609 2321 679 2356 (ιέῖἰ,
700 2328 801 2359 quam
828 2318 1006 2360 praeserunt
1032 2328 1144 2348 omnes
1165 2316 1256 2352 editi,
1278 2316 1438 2349 sustulen-

116 2369 197 2398 dum
211 2367 310 2396 duxi.
338 2376 374 2396 ex
390 2366 523 2396 vocibus
541 2364 628 2395 enim
645 2364 846 2406 commg'ffojam
863 2365 1017 2393 ceatamine
1032 2363 1082 2403 (h.
1097 2374 1122 2394 e.
1140 2362 1178 2393 st
1184 2362 1244 2393 tim
1260 2362 1356 2394 initio
1370 2374 1439 2394 cer·

119 2411 270 2452 taminis)
287 2420 378 2442 cci-to
395 2410 514 2442 certius
532 2409 575 2441 est
591 2409 695 2450 eleph
691 2417 796 2446 intos,
817 2419 884 2440 non
913 2407 996 2440 feffis
1017 2409 1150 2440 tandem
1175 2410 1353 2450 uugnando
1370 2408 1439 2451 pri-

119 2458 181 2489 mis
197 2457 340 2495 aciebus,
364 2457 399 2487 in
421 2456 574 2499 proelium
589 2455 680 2486 atstos
695 2453 767 2491 esse,
795 2455 827 2485 &
841 2452 1029 2496 epexegefin
1062 2453 1250 2485 continuari
1275 2465 1377 2495 usque
1397 2455 1438 2487 ad

118 2513 236 2534 vocem
246 2508 316 2534 αὸῑι.
363 2501 548 2534 Cre-vienus
567 2512 662 2532 voces
690 2502 750 2531 Diu
761 2507 859 2543 pugna
881 2501 976 2531 neutra
993 2502 1130 2531 inclinata
1140 2500 1236 2539 stetit,
1259 2500 1343 2531 male
1370 2501 1439 2531 col-

123 2549 246 2581 locatas
275 2548 394 2587 censet,
429 2548 546 2589 easque
580 2546 766 2578 inserendas
786 2545 856 2590 post
880 2547 1084 2590 applicarent:
1124 2545 1262 2589 periodo
1290 2545 1436 2586 sequenti

1248 2590 1440 2624 continuati}

1455 618 1506 646 A!
1502 631 1520 647 a
1524 623 1603 652 rcelli
1613 623 1660 652 ad-

1453 664 1551 709 versbs
1566 669 1650 697 Han-

1451 712 1569 744 nibalem
1586 721 1662 756 pug-

1450 767 1499 789 ΠΒ.
