1840 3094
94 233 152 274 44

93 561 218 593 Iuliam

93 609 250 649 ingreditur

97 653 255 685 Hannibal.

827 212 882 254 T.
927 213 1127 254 LIVII

318 332 505 387 rivosque
529 345 654 387 prope
680 330 825 387 sylvas,
859 331 999 388 &jam
1019 331 1203 371 humano
1231 332 1343 371 cultu
1367 330 1553 386 digniora
1585 331 1646 371 lo-

318 407 380 433 ca.
440 391 706 447 Ibijumenta
724 391 764 430 in
797 390 995 445 pabulum
1030 391 1156 439 niiss‘a,
1191 393 1229 431 &
1266 391 1381 445 quies
1420 390 1646 430 muniendo

319 450 426 492 sessis
443 449 682 491 hominibus
703 451 795 489 data
813 449 964 490 triduo.
999 450 1092 489 inde
1117 450 1166 489 ad
1201 451 1368 504 planum
1389 449 1647 502 descensum,

318 509 443 550 etiam
468 510 530 563 (4)
552 509 652 549 locis
668 507 924 548 mollioribus
949 511 986 549 δι
1014 510 1246 548 accolarum
1272 508 1461 564 ingeniis.

377 567 627 609 XXXVIII.
661 568 755 608 Hoc
773 564 950 607 maxime
975 568 1099 606 modo
1136 568 1176 606 in
1210 568 1368 607 Italiam
1401 575 1646 621 perventum

317 626 391 676 est,
424 626 570 682 quinto
592 626 729 666 mense
745 640 766 665 a
781 625 1035 681 Karthagine
1053 627 1172 675 nova,
1195 629 1256 680 (ut
1273 626 1440 680 quidam
1457 624 1647 666 auctores

318 685 430 741 sunt)
448 685 594 739 quinto
616 685 780 726 decimo
803 685 868 724 die
893 684 1069 739 Alpibus
1102 685 1313 739 superatis.
1376 685 1556 743 Qantae
1579 698 1649 724 co-

320 745 401 801 piae
432 743 675 800 transgresso
692 743 733 783 in
751 744 909 783 Italiam
926 743 1152 784 Hannibali
1173 743 1344 793 fuerint,
1382 757 1646 798 nequaquam

318 804 426 845 inter
447 803 639 845 auC‘tores
661 801 832 843 constat.
857 802 927 856 qui
948 803 1193 856 plurimum,
1226 813 1393 843 centum
1417 802 1544 843 millia
1577 816 1647 857 pe-

318 863 470 912 ditum,
501 862 647 917 viginti
678 861 867 915 equitum
902 860 1017 902 suifl'e
1051 861 1263 911 scribunt3
1307 862 1378 916 qui
1407 861 1647 910 minimum,

319 924 383 977 (1)
403 920 549 976 viginti
564 920 690 960 millia
705 920 910 974 peditum,
932 920 996 960 sex
1018 921 1222 974 equitum.
1256 921 1304 961 L.
1322 925 1345 974 ‡
1361 921 1535 962 Cincius
1557 919 1648 961 Ali-

318 991 498 1029 mentus,
519 980 589 1034 qui
607 988 774 1033 captum
797 978 835 1019 se
858 978 907 1018 ab
925 979 1160 1019 Hannibale
1180 979 1331 1028 scribit,
1355 978 1533 1019 maxime
1552 993 1649 1019 auc-

318 1047 383 1079 tor
404 1053 470 1079 me
494 1048 693 1087 moveret,
725 1038 798 1077 nis1
815 1036 1089 1078 confunderet
1104 1052 1344 1088 numerum,
1366 1038 1500 1079 Gallis
1517 1027 1647 1093 Kigu-

318 1097 512 1151 ribusque
531 1097 682 1137 additis
705 1111 714 1136 ε
746 1110 843 1136 cum
877 1096 940 1136 his
962 1097 1176 1152 o&0ginta
1198 1097 1324 1141 millia
1342 1098 1544 1152 peditum,
1576 1098 1648 1136 de-

317 1170 408 1198 cem
423 1156 630 1210 equitum,
662 1155 844 1196 adducta
867 1154 908 1194 in
941 1155 1127 1196 Italiam:
1163 1156 1313 1211 (magis
1350 1155 1544 1196 affluxisse
1581 1160 1646 1210 (2)

316 1215 530 1255 verifimile
549 1215 626 1265 est,
662 1216 700 1254 &
726 1214 781 1254 ita
803 1213 972 1268 quidam
989 1214 1179 1255 auctores
1194 1214 1320 1269 sunt.)
1334 1229 1384 1254 ex
1406 1214 1491 1269 ipso
1507 1224 1645 1254 autem

317 1274 469 1314 audiffe
485 1272 738 1324 Hannibale,
751 1273 968 1326 postquam
984 1272 1238 1313 Rhodanum
1251 1273 1466 1323 transierit,
1478 1272 1647 1329 triginta

318 1332 385 1373 sex
401 1332 528 1373 millia
548 1331 784 1381 hominum,
815 1331 1111 1386 ingentemque
1144 1346 1364 1372 numerum
1385 1346 1587 1386 equorum
1606 1333 1643 1373 &

317 1391 495 1432 allorum
513 1393 802 1448 jumentorum
834 1391 1001 1430 amisisse
1043 1391 1098 1441 se,
1128 1390 1340 1441 Taurinis,
1377 1406 1470 1446 quae
1512 1391 1648 1432 Gallis

321 1450 508 1505 proxima
530 1464 632 1505 gens
662 1459 765 1498 erat,
826 1449 867 1488 in
900 1449 1062 1489 Italiam
1094 1450 1321 1505 degressum
1353 1453 1430 1505 (3).
1513 1450 1562 1490 Id
1584 1453 1647 1502 (4)

321 1523 451 1563 quum
467 1509 573 1549 inter
595 1521 739 1547 omnes
762 1508 936 1556 constet,
960 1522 1009 1548 eo
1047 1509 1178 1563 magis
1200 1509 1328 1549 miror
1345 1509 1513 1565 ambigi,
1545 1508 1647 1563 qua-

321 1583 417 1608 nam
457 1569 585 1622 Alpes
618 1567 844 1606 tranfierit:
893 1569 929 1606 8<
967 1568 1093 1622 vulg&
1131 1568 1296 1608 credere
1317 1571 1399 1624 (5),
1429 1568 1646 1621 †Penino‚

320 1638 446 1681 atque
468 1627 564 1667 inde
587 1639 741 1665 nomen
764 1625 801 1665 ei
824 1626 1001 1680 (6)jug·o
1022 1626 1193 1681 Alpium
1208 1626 1403 1677 inditum,
1425 1626 1648 1682 transgres-

321 1685 425 1727 sum.
489 1688 554 1741 (7)
570 1684 733 1727 Coelius
749 1698 822 1740 per
844 1683 1065 1725 Cremonis
1081 1686 1304 1741 (8)jugum
1323 1686 1422 1727 dicit
1445 1686 1646 1728 transisset

1571 1745 1644 1800 qui

321 1863 433 1896 flexus.
462 1862 519 1905 (4)
540 1861 678 1894 Divifim
695 1861 870 1906 legendum
884 1861 1018 1894 videtur
1030 1863 1142 1905 &jam
1157 1875 1166 1901 3
1179 1862 1232 1895 seu
1251 1862 1433 1907 potiusjam
1445 1864 1484 1897 ΕΤ
1495 1864 1570 1897 Iocis
1583 1863 1647 1898 &c-

367 1930 404 1960 Ο.
422 1927 475 1967 38.
489 1927 547 1968 (ι)
570 1929 617 1958 lta
633 1934 796 1958 memorat
815 1925 987 1970 Polybius,
1010 1926 1066 1967 qui
1082 1926 1214 1968 quidem
1234 1927 1265 1958 id
1284 1921 1430 1960 didicisse
1452 1928 1589 1961 testatur
1606 1940 1646 1961 ex

320 1972 402 2006 :rei
419 1973 532 2004 tabula
547 1972 674 2004 Lacinii
691 1972 732 2004 ab
747 1972 817 2014 ipso
836 1972 1023 2003 Hannibale
1037 1972 1192 2015 inscripta
1209 1974 1240 2004 &
1255 1973 1366 2005 incisa.
1405 1975 1461 2016 (2)
1478 1974 1661 2007 Verifimi·‘

319 2019 384 2051 lius
396 2019 439 2050 est
457 2027 586 2050 tantum
604 2017 772 2060 copiarum
787 2029 962 2049 numerum
975 2017 1132 2050 affluxisse
1144 2020 1184 2049 ad
1201 2030 1288 2056 eum,
1299 2020 1462 2061 adjunctis
1475 2020 1572 2051 novis
1586 2020 1648 2052 mi-

326 2065 451 2102 litibus,
484 2064 652 2107 postquam
678 2063 711 2095 in
732 2063 856 2095 ltaliam
873 2063 1049 2101 transierit,
1071 2067 1171 2105 quiem
1203 2066 1258 2104 (ut
1276 2063 1412 2097 Cincius
1437 2066 1557 2107 tradit)
1589 2068 1648 2098 ad-

319 2111 461 2142 ductum
490 2110 532 2141 ab
557 2121 597 2141 eo
623 2109 656 2140 in
684 2110 740 2140 lt·l
758 2121 820 2140 am.
884 2111 942 2150 (3)
974 2110 1171 2141 Lectionem
1189 2110 1285 2148 hanc,
1323 2122 1341 2143 a
1366 2111 1646 2145 Drakenborchio

323 2156 510 2199 probatam,
533 2154 567 2186 in
593 2163 786 2186 contextum
805 2154 1027 2198 recipiendam
1059 2155 1150 2187 duxi.
1209 2156 1305 2187 Prius
1331 2157 1492 2188 edebatur
1522 2159 1648 2202 amrsgffe

321 2206 350 2232 in
369 2202 587 2233 Taurinis-n
609 2201 743 2244 degraeffo.
794 2202 855 2232 Sed
883 2202 916 2231 ero*
934 2202 967 2231 ιή
992 2200 1147 2243 ignorant
1171 2212 1285 2233 omnes
1312 2201 1434 2244 scripti.
1482 2204 1529 2235 lta
1555 2207 1644 2237 certi

321 2248 412 2279 locus
429 2247 698 2289 interpretandus
718 2259 725 2278 ε
751 2246 975 2277 Hannibalem
993 2246 1081 2278 inter
1105 2247 1256 2279 Rhodani
1273 2248 1445 2279 transitum
1468 2249 1501 2280 δι
1514 2250 1647 2282 descen·

322 2294 390 2325 sum
409 2293 488 2335 ejus,
510 2304 570 2334 per
585 2293 764 2329 'l‘aur'znos,
777 2292 811 2323 in
828 2292 964 2329 Italiam,
981 2300 1109 2323 tantum
1121 2293 1293 2334 copiarum
1310 2293 1459 2326 amissss'e.
1508 2296 1646 2328 ‘Taurini’

321 2347 429 2370 autem
443 2339 516 2369 sunt
530 2338 646 2380 populi
665 2338 761 2370 ltaliae
773 2338 1012 2380 transpadanae,
1034 2339 1074 2369 ad
1089 2339 1227 2380 Alpium
1247 2339 1391 2375 radicesz
1406 2339 1548 2382 ideoque
1564 2342 1646 2374 dicit

321 2385 440 2421 noster,
460 2397 519 2426 quae
538 2384 640 2415 Gallis
650 2389 793 2426 proxima
805 2397 870 2426 gens
884 2392 963 2415 erat.
1009 2385 1074 2415 Eos
1103 2392 1199 2415 vocat
1229 2386 1349 2417 Strabo
1375 2393 1531 2426 Λιγυςιιον
1547 2388 1644 2422 ΜΘ.

318 2433 376 2470 (4)
393 2431 531 2472 Nempe,
542 2429 762 2460 Hannibalem
774 2438 831 2472 per
846 2430 990 2461 ‘Taurinos
1008 2429 1042 2460 in
1060 2429 1186 2461 ltaliam
1203 2430 1385 2473 degress'um
1401 2432 1471 2463 esse.
1488 2434 1525 2463 E.
1536 2435 1593 2473 (5)
1611 2435 1644 2466 h.

320 2487 350 2507 e.
370 2474 517 2506 homines
534 2476 677 2506 credere.
723 2476 780 2516 46)
795 2474 888 2506 Prius
901 2476 1063 2507 edebatur
1079 2483 1105 2506 et
1119 2488 1127 2514 ς
1144 2476 1196 2507 sed
1212 2477 1405 2508 Gronovius
1418 2478 1551 2519 conjicit
1570 2479 1643 2511 sub-

322 2521 520 2552 stituendum
535 2523 570 2557 ei,
593 2519 643 2551 cui
661 2520 728 2562 ipse
744 2520 1039 2552 Drakenborchius
1055 2521 1233 2559 assentitur,
1257 2522 1370 2564 saepius
1386 2522 1433 2554 ita
1458 2522 1565 2566 lapsos
1581 2525 1645 2558 effe

321 2566 442 2597 scribas
459 2566 604 2597 testatus.
653 2566 716 2596 His
729 2567 932 2604 auctoribus,
956 2566 1120 2598 Gronovii
1148 2567 1374 2610 conjecturam
1399 2568 1434 2599 in
1451 2578 1643 2602 contextum

321 2611 444 2643 admifi.
479 2612 536 2651 (7)
558 2613 600 2643 L.
615 2611 735 2643 Coelius
747 2614 938 2655 Antipater,
963 2612 1103 2654 scriptor
1115 2623 1181 2645 non
1194 2613 1369 2645 mediocris
1381 2615 1470 2652 apud
1487 2615 1645 2657 antiquos

324 2660 413 2689 famae
433 2671 440 2689 :
466 2656 754 2698 quicxjejunitatc
768 2659 963 2689 veterum&
984 2658 1135 2700 serpente
1163 2657 1255 2690 humi
1279 2658 1487 2701 simplicitate
1514 2660 1642 2703 primus

316 2703 511 2747 paululfflmse
525 2706 627 2740 crexit,
645 2704 684 2734 {9³
700 2705 819 2734 addx'dt't
832 2704 952 2746 bssoriae
965 2707 1101 2746 majorem
1108 2706 1209 2745 sonum
1221 2707 1307 2740 vocis.
1321 2714 1355 2736 ut
1374 2707 1420 2737 ait
1437 2705 1567 2744 Cicero,
1579 2707 1599 2738 l.
1614 2717 1644 2740 2.

321 2750 363 2781 de
381 2751 476 2780 Orat.
495 2759 526 2779 n.
543 2758 596 2787 54.
637 2747 729 2779 Vixit
754 2749 956 2780 Gracchanis
989 2749 1206 2790 temporibus,
1230 2751 1261 2781 δι
1286 2751 1330 2782 sat
1358 2750 1415 2782 diu
1440 2752 1539 2783 etiam
1573 2753 1643 2794 post

324 2794 507 2827 Gracchoo.
553 2792 675 2838 Saepius
693 2793 728 2825 in
745 2795 807 2826 hoc
819 2795 940 2827 decade
962 2805 980 2826 a
1007 2794 1107 2827 Livio
1133 2795 1219 2828 testis
1236 2797 1368 2829 citatur.
1412 2797 1470 2839 (8)
1498 2799 1645 2830 Cremona

1527 2843 1643 2888 jugum
