1834 3099
341 212 578 255 LIBER
637 212 778 254 XXV.
840 211 1005 254 CAP.
1044 210 1204 252 XXIV.

142 338 205 369 ter
224 329 383 380 turrim,
406 344 528 384 quam
551 339 696 371 vocant
713 329 977 383 Galeagram,
994 326 1050 367 est
1072 327 1191 368 visus.
1215 326 1298 381 quo
1315 341 1442 381 quum

142 386 286 441 saepius
321 399 611 438 commearent,
645 401 751 428 unus
781 400 833 426 ex
871 385 1105 434 Romanis„
1124 400 1174 425 ex
1214 386 1446 440 propinquo

144 459 311 485 murum
333 448 644 501 contemplatus,
666 444 918 484 numerando
939 443 1106 498 lapides,
1129 443 1444 496 aestimandoque

141 502 223 557 ipse
240 503 390 554 secum,
408 507 467 558 (7)
487 504 586 558 quid
608 505 649 544 in
665 502 798 543 fronte
812 512 994 555 paterent
1016 501 1173 555 linguli,
1189 502 1444 541 altitudinem

141 561 264 611 muri,
286 573 484 616 quantum
506 558 689 617 proxime
721 558 957 615 conjecffura
988 571 1158 613 poterat,
1195 559 1444 613 permensus,

139 618 482 674 humilioremque
513 621 719 674 aliquanto
756 618 919 672 pristina
952 617 1142 671 opinione
1172 617 1238 657 sua
1275 620 1310 657 ἃ
1338 628 1445 657 cete-

138 691 279 718 rorum
300 678 484 718 omnium
501 689 612 719 ratus
633 678 724 726 effe,
745 679 781 717 ὃς
807 677 866 715 vel
886 676 1155 716 mediocribus
1174 675 1286 716 scalis
1307 676 1445 730 super-

140 735 303 785 abilem,
320 737 369 776 ad
390 736 634 776 Marcellum
656 749 741 775 rem
756 734 900 774 defert.
962 733 1088 774 Haud
1111 734 1331 788 spernenda
1348 734 1441 775 visa.

138 792 219 844 sed,
235 808 363 848 quum
385 794 483 834 adiri
505 795 634 842 locus,
656 793 726 847 qui
742 792 793 833 ob
816 792 855 832 id
872 790 1002 846 ipsum
1026 790 1221 832 intentius
1243 791 1443 832 custodie-

140 850 274 901 batur,
315 866 398 893 non
433 852 573 906 pofl'et,
614 851 767 892 occasio
802 849 1076 904 quaerebatur:
1127 864 1249 904 quam
1294 850 1442 890 obtulit

138 910 365 965 transfuga,
382 910 598 960 nuncians,
620 913 682 964 (8)
704 909 811 949 diem
834 908 981 948 festum
1003 908 1147 948 Dianae
1167 922 1239 962 per
1260 909 1441 948 triduum

136 967 215 1022 agi,
239 969 295 1019 &,
317 968 410 1022 quia
431 968 507 1008 alia
543 968 582 1007 in
605 968 808 1008 obsidione
831 966 972 1015 desint,
994 967 1088 1006 vino
1119 967 1270 1021 largius
1301 968 1441 1021 epulas

95 1027 98 1030 ’
127 1025 344 1076 celebrari,
370 1028 408 1066 &
437 1026 485 1066 ab
513 1026 692 1082 Epicyde
714 1025 883 1080 praebito
917 1024 1110 1065 universae
1138 1025 1282 1079 plebei,
1307 1028 1345 1066 &
1369 1039 1441 1080 per

137 1083 265 1124 tribus
284 1099 303 1123 a
321 1084 571 1140 principibus
594 1084 731 1124 diviso.
756 1085 802 1124 Id
825 1083 893 1123 ubi
915 1084 1070 1137 accepit
1093 1085 1329 1133 Marcellus,
1345 1098 1439 1124 cum

136 1142 276 1196 paucis
293 1142 551 1183 tribunorum
574 1143 750 1182 militum
774 1143 1015 1191 collocutus,
1038 1141 1256 1195 electisque
1278 1156 1349 1196 per
1370 1156 1439 1183 eos

133 1200 183 1239 ad
206 1214 293 1239 rem
326 1210 480 1240 tantam
510 1201 707 1255 agendam
734 1201 1045 1253 audendamque
1078 1200 1233 1240 idoneis
1262 1200 1441 1241 centuri-

132 1256 279 1298 onibus
294 1257 584 1311 militibusque,
611 1261 647 1298 &
673 1258 784 1298 scalis
807 1258 848 1297 in
869 1259 1032 1298 occulto
1053 1259 1310 1312 comparatis,
1332 1268 1441 1298 cete-

134 1316 187 1356 ris
221 1321 246 1367 †
271 1316 427 1371 lignum
468 1317 553 1356 dari
582 1316 713 1372 jubet,
757 1326 801 1356 uc
835 1315 990 1356 mature
1025 1331 1192 1370 corpora
1235 1326 1440 1367 curarent,

130 1374 340 1428 quietique
374 1375 529 1414 darent.
565 1375 686 1414 noEte
724 1374 764 1414 in
797 1374 1097 1428 expeditionem
1133 1376 1315 1415 eundum
1347 1376 1438 1415 effe.

129 1431 230 1471 Inde
253 1432 320 1471 ubi
343 1432 382 1472 id
401 1433 593 1486 temporis
615 1432 758 1481 visum,
782 1447 863 1486 quo
886 1435 946 1485 (9)
977 1433 1026 1472 de
1057 1433 1122 1472 die
1153 1433 1324 1486 epulatis
1351 1433 1438 1488 jam

128 1489 212 1529 vini
234 1489 349 1530 satias
369 1490 697 1544 principiumque
714 1490 843 1531 somni
864 1491 975 1539 esset,
996 1489 1092 1544 figni
1115 1492 1235 1531 unius
1253 1493 1345 1546 (ιο)
1362 1491 1437 1530 mi-

1615 222 1634 250 k)

1585 220 1666 264 39

129 1548 220 1588 lites
241 1547 345 1588 ferre
367 1548 488 1589 scalas
522 1549 649 1604 juffit3
684 1551 723 1590 δι
748 1550 798 1588 ad
820 1548 929 1588 mille
958 1547 1042 1588 fere
1059 1549 1201 1589 armati
1223 1550 1336 1589 tenui
1367 1565 1437 1605 ag·
1456 1557 1583 1586 Murum
1596 1570 1645 1588 m·-

132 1606 241 1646 mine
275 1620 346 1661 per
391 1607 592 1647 silentium
621 1608 673 1647 eo
721 1606 901 1647 dedutffi.
962 1606 1050 1647 Ubi
1084 1607 1163 1647 sine
1200 1607 1366 1662 strepitu
1389 1623 1434 1648 ac
1453 1603 1637 1643 l'i's'ss‘r‘m‘

126 1737 254 1776 quum
278 1723 458 1776 priorum
481 1723 647 1763 audacia
669 1723 801 1763 dubiis
823 1723 946 1763 etiam
962 1722 1144 1763 animum
1166 1724 1330 1766 faceret.

184 1780 343 1821 XXIV.
376 1781 467 1834 Jam
490 1781 599 1821 mille
622 1794 870 1821 armatorum
893 1791 1083 1835 ceperant
1103 1791 1276 1836 partem,
1305 1797 1434 1836 quum

125 1848 268 1879 ceterae
296 1841 357 1894 (1)
383 1840 571 1890 admotae,
591 1839 853 1894 pluribusque
884 1838 996 1880 scalis
1033 1839 1074 1879 in
1104 1855 1269 1881 murum
1292 1843 1436 1881 evade-

1321 1899 1436 1952 bant,

122 2014 211 2056 castra
227 2021 345 2056 propter
358 2027 459 2055 aquam
476 2017 557 2045 vallo
573 2017 757 2046 circumdant.
779 2012 865 2046 infra
891 2014 910 2045 l.
935 2017 987 2045 26.
1015 2025 1045 2046 c.
1065 2015 1096 2048 8.
1116 2016 1148 2047 &
1166 2015 1256 2048 alibi.
1282 2016 1351 2050 Cic.
1369 2027 1432 2059 pro

124 2059 216 2090 Rosc.
243 2062 353 2090 Amer.
380 2071 406 2090 c.
432 2069 483 2098 2¹5.
508 2063 558 2089 duo
570 2061 638 2102 filii
660 2068 779 2102 propter
797 2067 910 2100 patrem
934 2062 1071 2094 cubantes.
1119 2061 1176 2101 (7)
1201 2064 1333 2106 Qanta
1355 2062 1430 2094 ess'et

126 2103 321 2145 singulorum
337 2105 480 2145 lapidum
495 2105 644 2136 altitudo.
661 2105 711 2136 Sic
724 2107 969 2146 patereduodecim
986 2108 1078 2138 millia
1087 2108 1211 2149 pqffaum
1228 2108 1322 2148 supra
1341 2108 1359 2138 l.
1374 2117 1429 2145 24.

125 2158 153 2179 c.
176 2150 247 2187 3.&
268 2148 389 2190 paffim,
437 2149 582 2190 [Frontem
608 2159 717 2181 autem
743 2148 889 2191 intelligo
922 2158 1049 2191 partem
1076 2152 1191 2193 lapidis
1220 2152 1431 2191 exteriorem

125 2205 223 2233 quam
238 2193 373 2235 Anglice
387 2194 483 2226 etiam
501 2195 701 2236 appellamus
714 2197 840 2235 thesace.
863 2194 913 2236 E.]
960 2197 1037 2227 Non
1052 2196 1199 2228 diffimile
1216 2197 1268 2235 est,
1283 2199 1371 2237 quod
1389 2202 1430 2229 de

129 2239 370 2277 Plataeenfibus,
384 2250 401 2269 a
420 2239 656 2281 Pelopenneliis
673 2241 703 2270 δι
724 2238 854 2270 Boeotiis
866 2239 1002 2277 obseffis,
1015 2250 1126 2273 narrat
1139 2242 1349 2285 Thucydides
1362 2243 1383 2274 l.
1397 2253 1431 2282 3.

126 2295 151 2315 c.
177 2293 225 2315 20.
250 2284 305 2324 (8)
324 2285 494 2325 Diessestus
512 2283 566 2315 hic
584 2284 720 2316 sumitur
736 2295 798 2325 pto
822 2284 1022 2316 sollennibus
1041 2286 1182 2326 plurium
1199 2287 1339 2320 dierum.
1360 2290 1428 2331 Jac.

124 2329 312 2360 Gronovius
337 2329 368 2360 ὃ(
399 2329 586 2361 Crevier-ius
610 2330 784 2360 delendum
800 2329 929 2360 censent
951 2331 984 2360 τὲ
1006 2334 1087 2369 diem,
1102 2339 1136 2362 ut
1153 2332 1265 2372 festum
1282 2332 1428 2366 absolute}

123 2375 308 2415 usurpetur.
354 2375 461 2415 Hujus
475 2382 584 2406 autem
600 2375 784 2416 exemplum
798 2374 885 2415 apud
903 2374 1043 2416 optimos
1057 2376 1159 2418 prosae
1175 2377 1350 2418 scriptores
1373 2379 1430 2410 vix

121 2419 321 2451 invenietur.
368 2420 422 2460 (9)
441 2421 544 2461 Supra
562 2421 584 2450 l.
606 2429 656 2458 23.
676 2431 703 2451 c.
721 2420 750 2451 8.
778 2421 922 2461 Caeperunt
946 2423 1059 2462 epulari
1084 2424 1115 2452 de
1130 2425 1185 2452 die.
1202 2421 1267 2453 vid.
1281 2433 1355 2464 quae
1382 2424 1428 2456 ibi

120 2472 291 2496 notantur.
340 2466 422 2495 Mox
435 2467 533 2505 sallas
551 2464 684 2505 antique
708 2466 910 2507 pro-satuens.
959 2466 1010 2496 Sic
1026 2467 1093 2497 Ter
1130 2466 1164 2497 in
1195 2469 1277 2498 Eun.
1293 2478 1326 2507 5.
1341 2479 1374 2509 5.
1394 2479 1426 2509 3.

124 2512 279 2550 UMfiztius
291 2511 456 2552 casphfieri,
470 2518 598 2541 commuto
613 2510 711 2543 locum.
757 2510 836 2551 (10)
859 2510 889 2540 h·
902 2520 932 2541 e.
949 2510 1044 2541 unius
1058 2511 1225 2554 manipuli.
1272 2514 1346 2546 Hoc
1360 2515 1430 2546 sen-

120 2554 155 2585 su
174 2554 294 2597 signum
312 2555 490 2596 usurpatur
512 2554 598 2586 infra
617 2556 634 2586 l.
650 2565 702 2595 33.
729 2565 760 2587 1.
779 2556 811 2586 &
828 2564 859 2594 9.
881 2555 911 2585 &
925 2555 1015 2593 alibi,
1038 2555 1113 2588 licet
1127 2558 1194 2588 duo
1210 2557 1309 2590 essent
1326 2559 1430 2591 mani-

118 2599 198 2641 pulo
218 2599 368 2642 signiferi,
381 2600 498 2642 cuique
515 2600 670 2632 centuriae
687 2601 773 2632 suus.
823 2599 931 2631 Graeci
948 2600 1024 2632 hinc
1049 2615 1176 2642 σημαιαν
1187 2611 1308 2635 vocant
1325 2605 1430 2637 mani-

123 2645 248 2687 pulum.
268 2646 337 2677 Pol.
359 2646 379 2676 1.
396 2644 428 2676 6.
443 2657 472 2678 c.
490 2655 544 2678 22.
563 2646 586 2676 l.
605 2655 653 2686 17.
672 2658 699 2678 c.
718 2656 772 2678 22.

165 2691 203 2722 C.
231 2700 280 2729 24.
303 2691 358 2733 (ι)
383 2692 511 2734 Nempe
525 2693 622 2734 fialae.
670 2693 733 2724 Sed
759 2691 870 2724 durior
897 2691 967 2725 haec
995 2692 1205 2729 construetio.
1238 2694 1429 2736 Legendum

1298 2739 1430 2771 videtur

129 1666 309 1704 tumultu
351 1664 471 1718 primi
507 1665 717 1705 evaserunt
759 1665 799 1704 in
829 1679 1008 1713 murum,
1030 1664 1154 1705 secuti
1176 1666 1317 1706 ordine
1347 1649 1605 1723 ²¹1&sssssz
