1834 3099
349 197 385 242 L
405 199 425 240 Ι
447 197 481 241 Β
502 197 536 240 Ε
558 197 598 241 R
637 195 798 239 XXIV.
843 196 881 237 C
905 196 943 237 A
964 196 1012 237 P.
1054 196 1196 239 XXII.

115 314 230 358 ramni
250 314 363 357 foeda
384 316 531 357 scelera
552 312 826 366 foedioresque
861 312 1064 362 libidines,
1097 310 1199 353 adeo
1223 322 1433 353 mutavere

117 368 293 424 anim‘os,
325 384 371 415 ut
405 374 654 428 insepultum
671 373 808 427 jacere
837 385 985 425 corpus
1006 371 1143 425 paullo
1164 370 1255 411 ante
1278 371 1432 412 defide-

116 433 195 473 rati
215 433 321 488 regis
353 442 601 488 paterentur.
663 430 808 487 Qum
837 429 962 469 ceteri
983 443 1032 468 ex
1050 428 1273 483 conjuratis
1297 432 1356 483 (4)
1381 430 1431 469 ad

117 491 343 532 exercitum
374 490 645 531 obtinendum
671 487 962 537 remanfiffent‚
997 486 1236 527 Theodotus
1261 490 1301 528 δε
1324 487 1432 528 Sosis

118 550 240 605 regiis
261 548 394 604 equis,
425 558 579 604 quanto
612 546 791 587 maximo
813 545 932 586 cursu
955 555 1160 600 poterant,
1194 555 1239 584 ut
1271 545 1433 599 ignaros

118 608 307 648 omnium
340 608 474 663 regios
504 606 800 661 opprimerent,
828 603 1045 658 Syracusas
1067 604 1335 644 contendunt.
1369 617 1436 643 ce-

119 663 258 706 terum
279 675 531 720 praevenerat
551 678 635 704 non
665 662 774 703 fama
796 660 946 712 solum,
978 659 1078 717 (quit
1099 660 1199 700 nihil
1223 662 1264 701 in
1286 660 1435 702 talibus

118 723 240 765 rebus
262 723 318 764 est
337 723 525 777 celerius)
546 722 613 762 sed
631 721 806 761 nuncius
823 720 947 760 etiarn
967 734 1016 760 ex
1033 719 1154 773 regiis
1172 718 1306 761 servis.
1355 720 1437 760 Ita-

122 797 203 836 que
242 782 565 822 Andranadorus
600 783 641 822 &
677 782 740 834 (5)
773 778 967 827 Insulam,
1001 781 1042 819 &
1077 792 1228 829 arcem,
1261 781 1302 819 δε
1345 777 1437 828 alia,

124 855 217 894 quae
238 850 415 894 poterat,
447 852 620 893 quaeque
643 846 873 892 opportuna
910 838 974 891 (6)
994 846 1124 885 erant,
1156 836 1348 891 praesidiis
1370 835 1437 876 fir-

122 908 266 938 marat.
312 898 531 953 Hexapylo
551 896 795 937 Theodotus
824 909 870 935 ac
892 894 998 935 Sofis
1021 894 1108 949 post
1131 894 1223 934 solis
1251 894 1438 934 occasum

117 957 205 1013 jam
222 955 394 997 obscura
414 957 506 996 luce
532 953 700 1004 invecti,
733 967 862 1008 quum
880 962 1092 994 cruentam
1114 953 1267 1008 regiam
1289 953 1440 994 vestem

123 1024 246 1069 atque
260 1015 413 1069 insigne
426 1013 569 1068 capitis
582 1012 846 1061 ostentarent,
857 1010 1076 1052 transveffi
1087 1011 1352 1067 perTycham
1363 1014 1441 1066 (7),

124 1073 241 1115 simul
253 1073 302 1113 ad
315 1073 560 1122 libertatem,
575 1071 690 1112 simul
703 1071 753 1110 ad
768 1085 879 1110 arma
891 1080 1098 1119 vocantes,
1111 1069 1152 1109 in
1162 1069 1442 1111 Achradinam

123 1131 342 1172 convenire
360 1131 521 1187 jubent.
583 1130 817 1170 Multitudo
840 1143 932 1183 pars
950 1129 1152 1182 procurrit
1169 1129 1210 1168 in
1227 1129 1329 1181 vias,
1351 1143 1443 1183 pars

125 1189 169 1230 in
190 1189 397 1230 vestibulis
429 1189 520 1238 stat,
552 1202 643 1242 pars
664 1202 714 1228 ex
733 1186 854 1227 ῖιῖᾶῐε
880 1186 1144 1241 fenestrisque
1166 1187 1444 1241 prospectant,

130 1250 188 1298 ὅτ,
210 1248 308 1302 quid
321 1248 380 1288 rei
395 1248 454 1298 fit,
477 1247 668 1302 rogitant.
691 1245 845 1286 Omnia
861 1244 1086 1286 luminibus
1103 1247 1325 1296 collucent,
1348 1245 1446 1286 stre-

125 1305 298 1361 pituque
330 1305 441 1346 vario
471 1306 745 1360 complentur.
776 1303 920 1344 armati
956 1304 1056 1344 locis
1092 1304 1326 1358 patentibus
1347 1317 1446 1344 con-

126 1374 363 1420 gregantur.
393 1363 571 1404 inermes
600 1377 649 1403 ex
672 1362 857 1419 Olympii
878 1361 992 1416 Jovis
1022 1363 1176 1416 templo
1197 1362 1322 1417 spolia
1344 1362 1447 1402 Gal-

126 1424 264 1464 lorum
285 1421 617 1478 Illyriorumque,
649 1422 759 1461 dono
799 1423 892 1461 data
926 1420 1102 1461 Hieroni
1123 1436 1145 1460 a
1178 1422 1331 1475 populo
1359 1420 1447 1461 Ro-

128 1494 269 1532 mano,
286 1479 448 1534 fixaque
462 1479 512 1520 ab
529 1494 596 1531 eo,
613 1479 849 1528 detrahunt,
866 1478 1252 1533 precantesJovem,
1269 1489 1314 1519 ut
1334 1484 1359 1532 †
1375 1494 1446 1519 vo·-

128 1540 217 1580 lens
238 1538 440 1594 propitius
470 1538 649 1593 praebeat
680 1537 789 1578 sacra
824 1551 952 1589 arma,
985 1551 1057 1591 pro
1083 1537 1229 1591 patria,
1261 1552 1335 1591 pro
1357 1537 1444 1578 De-

129 1612 203 1638 um
232 1596 430 1647 delubris,
456 1611 535 1651 vpro
573 1595 759 1636 libertate
786 1594 864 1636 sese
887 1594 1154 1636 armantibus.
1215 1595 1320 1637 Haec
1343 1610 1447 1650 quo-

128 1670 211 1711 que
244 1655 483 1705 multitudo,
513 1653 754 1696 stationibus
795 1657 860 1710 (8)
890 1668 963 1709 per
998 1653 1202 1709 principes
1232 1657 1448 1710 regionum

130 1714 244 1756 urbis
279 1713 494 1769 dispofitis,
525 1713 777 1769 adjungitur.
840 1712 889 1752 In
917 1712 1046 1752 insula
1068 1713 1175 1754 inter
1194 1724 1326 1754 cetera
1360 1715 1447 1754 An-

130 1773 388 1814 dranodorus
409 1772 603 1826 praesidiis
624 1771 760 1812 firmat
779 1771 926 1812 horrea
947 1770 1123 1825 publica,
1171 1772 1324 1821 Locus,
1355 1771 1449 1812 saxo

131 1832 331 1886 quadrato
353 1830 504 1885 septus,
533 1840 656 1885 atque
675 1830 778 1872 arcis
800 1829 841 1869 in
860 1830 1030 1870 modum
1045 1830 1268 1880 emunitus,
1291 1830 1450 1885 capitur

131 1890 183 1931 ab
213 1890 448 1946 juventute,
478 1903 572 1944 quae
605 1888 788 1943 praefidio
809 1889 898 1944 ejus
925 1888 1005 1929 loci
1034 1888 1228 1929 attributa
1258 1899 1344 1929 erat
1368 1892 1450 1943 (9),

133 1948 385 2003 mittuntque
405 1947 581 1988 nuncios
609 1947 652 1987 in
674 1947 972 1998 Achradinam,
1002 1945 1149 1987 horrea
1171 1946 1449 1988 frumentum-

135 2020 215 2062 que
237 2006 279 2046 in
299 2005 461 2048 senatus
482 2005 680 2061 potestate
699 2006 789 2047 esse.

193 2064 332 2108 XXII.
364 2064 479 2106 Luce
496 2064 627 2120 prima
647 2065 825 2121 populus
843 2063 977 2106 omnis
997 2074 1178 2106 armatus
1203 2061 1451 2120 inermisque

134 2181 415 2225 potiorisfungendae.
463 2181 524 2213 Sed
542 2180 654 2212 reduxi
667 2181 825 2223 potioribus,
849 2181 936 2213 sensu
955 2182 998 2212 ita
1015 2181 1208 2221 postulante,
1231 2181 1261 2212 3<
1279 2180 1453 2224 suffragan-

140 2225 226 2256 tibus
241 2225 388 2256 omnibus
402 2223 535 2264 scriptis.
567 2225 662 2267 Fungi
678 2225 780 2257 militia
793 2225 877 2256 infra
944 2224 994 2257 26.
1019 2236 1043 2256 c.
1062 2234 1113 2256 21.
1138 2229 1215 2257 Tac.
1233 2226 1250 2256 1.
1273 2235 1300 2257 2.
1317 2229 1406 2257 Ann.
1423 2237 1452 2256 c.

142 2267 192 2309 36.
215 2269 267 2307 (4)
285 2269 335 2298 Ut
350 2267 527 2298 exercitum
560 2267 591 2297 in
624 2267 782 2307 potestate
806 2267 961 2300 haberent
1018 2274 1067 2308 '5J
1092 2271 1230 2310 Qatum
1252 2272 1339 2299 fuere
1370 2271 1455 2301 urbis

139 2310 360 2352 Syracusarum
372 2317 489 2349 partes,
503 2311 608 2352 Irfiala,
622 2311 801 2350 Achradina,
825 2312 928 2353 {vt-ha,
949 2313 986 2342 25
999 2313 1146 2353 Neapdis.
1178 2312 1366 2355 Hexapylum
1383 2324 1454 2352 por-

138 2360 174 2386 ta
191 2355 337 2396 quaedam
359 2353 462 2395 ‘I'ychae
476 2353 548 2387 fuit.
573 2353 634 2385 Sed
666 2357 696 2384 δι
714 2365 784 2393 pars
812 2355 896 2385 urbis
920 2353 978 2385 isto
1002 2357 1133 2387 nornine
1149 2354 1300 2396 defignari
1317 2358 1452 2388 videtur.

140 2398 195 2439 (ὁ)
214 2400 382 2441 Opportuna
396 2396 455 2429 loca
469 2396 555 2434 sunt,
578 2407 649 2440 qua:
661 2398 698 2428 ad
714 2398 859 2438 injuriam
875 2397 1017 2429 obnoxia
1034 2403 1103 2430 lunt
1121 2398 1212 2435 hosti,
1235 2409 1338 2439 eoque
1354 2399 1453 2430 custo·

141 2442 201 2473 diis
216 2442 373 2484 indigent.
395 2439 479 2471 infra
495 2439 516 2471 l.
535 2448 585 2479 25.
602 2451 629 2470 c.
643 2448 693 2478 30.
720 2441 740 2471 l.
758 2449 809 2479 27.
823 2451 840 2472 c
872 2441 919 2472 28.
948 2442 965 2471 l.
985 2450 1034 2478 30.
1053 2453 1078 2472 c.
1101 2450 1150 2473 12.
1174 2443 1296 2473 Addita
1314 2453 1386 2474 voce
1405 2451 1453 2484 op·

135 2493 278 2530 portunus
292 2488 402 2528 injurie
417 2484 499 2514 dixit
515 2484 598 2515 infra
615 2482 635 2515 l.
654 2482 701 2514 28.
722 2493 748 2515 c.
768 2494 818 2525 ¹9·
848 2483 880 2514 δε
896 2484 958 2516 Sall
993 2484 1023 2513 in
1041 2485 1111 2529 Jug.
1126 2495 1151 2516 c.
1168 2495 1219 2519 20.
1254 2489 1305 2526 (7
1325 2487 1452 2517 Partem

143 2529 226 2560 urbis
241 2529 286 2560 ita
295 2530 424 2563 ‹ii-flam,
447 2527 532 2567 quod
549 2526 592 2557 ibi
608 2527 766 2565 templum
784 2528 933 2560 Fortunae
951 2525 1034 2560 esset.
1059 2530 1135 2560 Vide
1151 2530 1341 2561 uberrimam
1359 2530 1454 2560 Svra-

141 2572 282 2603 cusarum
300 2570 544 2610 descriptionem
560 2571 643 2610 apud
661 2570 728 2601 cic.
750 2569 770 2601 l.
789 2581 819 2608 4.
838 2570 868 2600 in
888 2572 981 2602 Verr.
997 2583 1024 2603 c.
1042 2581 1083 2612 52
1101 2575 1131 2603 δι
1146 2579 1194 2612 53.
1222 2572 1272 2613 (8)
1294 2572 1327 2603 h.
1350 2585 1374 2604 e.
1387 2564 1454 2611 'per

143 2616 317 2655 praecipuas
334 2613 416 2645 urbis
433 2613 586 2654 regiones.
609 2615 661 2656 (9)
678 2614 805 2654 Nempe
820 2614 858 2645 ab
876 2616 1115 2648 Andranodero.
1141 2616 1217 2647 Ideo
1241 2616 1294 2647 illa
1311 2627 1383 2657 pars
1402 2617 1452 2646 ln·

143 2658 214 2690 sulae
232 2668 309 2690 mox
319 2659 434 2701 prodita
451 2656 575 2689 dicitur.

1411 2718 1453 2743 m

1459 804 1641 835 Andranorla-

1460 862 1468 874 ι
1477 859 1505 876 m
1517 859 1611 878 arcem

1461 891 1602 933 S-yruczfis
1621 903 1663 922 cc·

1460 944 1562 978 supa!-
