1834 3099
154 174 204 214 74
895 159 946 201 T.
983 159 1180 202 121v11

391 293 432 319 er
453 278 491 319 se
520 278 562 318 in
583 278 753 318 modum
772 277 889 334 justae
908 292 1058 333 pugnae
1080 285 1392 328 concurrerunt,
1426 279 1493 334 (2)
1507 279 1695 335 praepila-

370 337 501 392 tisque
538 337 747 378 miffilibus
777 337 947 393 jaculati
978 337 1096 377 sunt:
1136 350 1282 391 quarto
1317 336 1383 377 die
1420 339 1536 392 quies
1572 340 1694 381 data:

371 397 516 451 quinto
553 397 702 437 iterum
725 397 767 436 in
802 396 924 437 armis
956 395 1173 437 decursum
1209 396 1280 437 est.
1343 395 1470 438 Hunc
1503 398 1693 439 ordinem

369 455 520 497 laboris
552 455 796 511 quietisque,
828 456 963 510 quoad
1000 454 1252 511 Karthagine
1288 455 1436 495 morati
1462 456 1570 507 sunt,
1614 457 1695 498 ser-

369 523 529 555 varunt.
596 520 610 567 Η
634 515 875 571 Remigium
918 515 1145 568 classicique
1181 514 1348 563 milites,
1398 516 1620 571 tranquillo
1650 515 1693 556 in

369 575 498 614 altum
533 574 684 624 eveEH,
719 577 779 629 (3)
819 573 1043 630 agilitatem
1080 572 1247 613 navium
1280 573 1503 615 simulacris
1540 575 1697 617 navalis

368 647 518 690 pugnae
540 632 866 688 experiebantur.
930 633 1032 673 Haec
1053 642 1166 673 extra
1198 631 1341 673 urbem
1370 633 1474 673 terra
1507 634 1694 689 marique

368 707 540 748 corpora
573 693 688 732 fimul
723 691 960 746 animosque
992 693 1040 732 ad
1076 692 1230 732 bellum
1263 691 1475 732 acuebant.
1499 691 1596 733 urbs
1631 693 1694 748 ip-

368 750 408 792 sa
425 757 441 803 Η
467 751 669 806 strepebat
690 761 887 806 apparatu
918 751 1029 801 belli,
1059 750 1184 791 fabris
1206 750 1394 790 omnium
1430 764 1627 806 generum
1649 753 1692 792 in

367 810 529 864 public&
567 810 730 852 officina
768 810 944 851 inclusis.
980 811 1067 851 dux
1101 809 1252 850 cuneta
1288 809 1374 864 pari
1403 811 1501 850 cura
1537 810 1691 852 obibat.

367 883 479 910 nunc
516 869 558 909 in
589 870 705 910 elaffe
737 883 782 909 ac
817 869 949 909 navali
970 878 1080 909 erat:
1112 883 1222 909 nunc
1245 883 1341 909 cum
1370 868 1600 923 legionibus
1623 871 1694 910 de-

367 928 580 994 currebat?
621 942 732 969 nune
760 927 952 982 operibus
976 931 1037 981 (4)
1069 927 1340 982 adspiciendis
1361 937 1525 994 tempus
1555 928 1692 981 dabat,

367 1001 542 1042 quaeque
564 986 604 1026 in
628 986 818 1036 officinis,
850 1001 1023 1040 quaeque
1046 986 1088 1026 in
1109 986 1425 1027 armamentario
1462 1001 1508 1027 ac
1539 988 1694 1028 navali-

145 1060 315 1093 Jaeq‘arm-
365 1045 443 1088 bus
478 1045 690 1086 fabrorum
723 1046 946 1086 multitudo
983 1045 1190 1100 plurima
1181 1059 1223 1084 m
1247 1045 1422 1100 singulos
1454 1046 1539 1086 dies
1560 1057 1691 1087 certa-

142 1119 240 1140 mem.
366 1105 478 1145 mine
519 1104 677 1160 ingenti
713 1103 901 1145 faciebat.
964 1105 1043 1145 His
1078 1104 1133 1144 ita
1163 1103 1382 1155 inchoatis,
1428 1104 1692 1159 refeC’risque,

366 1164 478 1218 qual}
497 1163 621 1218 quafli
654 1175 785 1213 erant,
817 1162 961 1212 muris,
1002 1162 1278 1218 dispositisque
1300 1162 1494 1217 praefidiis
1530 1165 1580 1204 ad
1603 1164 1694 1205 cus-

365 1223 520 1263 todiam
552 1221 680 1271 urbis,
713 1223 992 1263 Tarraconem
1014 1222 1071 1263 est
1105 1220 1334 1276 profectus‚
1367 1237 1389 1261 a
1421 1222 1564 1279 multis
1582 1223 1691 1279 lega-

366 1281 547 1323 tionibus
569 1281 757 1336 protinus
775 1281 816 1321 in
837 1281 900 1322 via
918 1281 1052 1322 aditus
1085 1284 1161 1336 (5).
1179 1295 1292 1337 :quas
1309 1280 1459 1335 partim
1481 1282 1577 1322 dato
1610 1282 1693 1322 res-

365 1341 493 1396 ponso
529 1355 579 1382 ex
615 1340 759 1380 itinere
794 1340 959 1390 dimifit‚
1008 1340 1157 1395 partim
1198 1339 1355 1380 distulit
1394 1339 1692 1391 Tarraconem,

365 1399 451 1454 quo
487 1398 679 1440 omnibus
701 1399 816 1440 novis
847 1399 1129 1454 veteribusque
1153 1398 1271 1440 sociis
1299 1399 1480 1439 edixerat
1513 1413 1691 1440 conven-

364 1469 468 1499 tum.
530 1459 583 1500 Et
613 1458 754 1499 cun6ti
777 1457 880 1511 fere,
912 1459 982 1512 qui
1013 1458 1070 1499 cis
1101 1457 1266 1498 Iberum
1299 1457 1500 1508 incolunt,
1531 1459 1691 1513 populi,

364 1518 485 1558 multi
519 1518 642 1558 etiam
665 1517 869 1558 ulterioris
887 1520 950 1572 (6)
969 1516 1190 1572 provinciae
1225 1526 1520 1558 convenerunt.
1582 1518 1690 1558 Kar-

363 1575 681 1632 thaginiensium
717 1577 841 1617 duces
878 1575 1012 1631 primo
1047 1591 1096 1616 ex
1138 1575 1335 1615 industri-21
1370 1575 1691 1631 famamcaptae

363 1635 630 1691 Karthaginis
651 1635 994 1689 compresserunt:
1027 1635 1190 1683 deinde,
1223 1644 1269 1674 ut
1304 1635 1450 1675 clarior
1485 1649 1549 1675 res
1586 1646 1689 1686 erat,

362 1693 488 1748 quam
526 1704 571 1735 ut
601 1693 684 1749 tegi
714 1707 760 1733 ac
796 1693 1031 1734 diffimulari
1063 1694 1205 1748 posset,
1249 1693 1501 1745 †elevabant
1539 1694 1687 1736 verbis.

363 1754 594 1807 IVecopinato
632 1752 798 1793 adventu
834 1769 877 1792 ac
906 1751 1023 1807 propr}
1042 1753 1158 1810 fiwto
1180 1752 1293 1792 unius
1313 1752 1384 1792 diei
1418 1754 1544 1792 urbem
1571 1769 1687 1794 unam

367 1812 558 1867 Hiſjmniae
599 1812 856 1862 interceptam.
889 1814 996 1867 cujus
1029 1814 1083 1851 rei
1103 1820 1182 1851 tam
1212 1821 1348 1864 ραν-’ωε
1375 1813 1528 1865 praemio
1547 1812 1687 1852 elatum

362 1870 570 1926 insblentem
577 1871 781 1926 juvenem,
814 1873 874 1926 (7)
898 1871 1085 1911 immodico
1102 1870 1240 1925 gaudio
1263 1870 1421 1926 speciem
1443 1886 1585 1926 magnae
1605 1873 1687 1911 vic·

1578 1941 1684 1971 torzae

359 2083 415 2125 (2)
431 2084 514 2127 Qae
526 2086 620 2126 pilas,
645 2083 699 2116 seu
718 2091 853 2128 σφαιμς,
877 2083 911 2114 in
929 2092 1078 2115 extremo
1096 2084 1275 2122 habebant,
1297 2094 1339 2116 ne
1357 2083 1523 2116 laederent.
1547 2091 1686 2128 εσφιιιξω-

358 2144 449 2171 μενσες
468 2138 612 2174 γξοσφοις,
635 2129 719 2160 dixit
736 2130 906 2172 Polybius.
953 2131 1010 2171 (3)
1039 2130 1090 2161 Sic
1105 2129 1192 2161 infra
1217 2130 1239 2161 l.
1259 2139 1313 2170 35.
1337 2141 1366 2161 c.
1388 2129 1440 2162 26.
1490 2131 1530 2161 Ut
1544 2143 1684 2161 novarum

358 2179 478 2207 navium
505 2179 664 2219 agilitatem
692 2179 884 2218 experiretur,
907 2179 1025 2217 quotidie
1046 2179 1175 2218 remigem
1192 2178 1362 2217 militemque
1375 2175 1544 2218 fimulacris
1568 2177 1686 2207 navalis

353 2229 454 2264 pugna·
477 2222 631 2252 exercebat.
678 2223 734 2262 (4)
762 2221 918 2252 Dulterus
949 2221 1061 2252 mallet
1085 2224 1272 2264 insfficiendis,
1310 2221 1332 2252 i.
1348 2232 1376 2253 c.
1393 2220 1635 2252 considerandis
1650 2222 1684 2252 δε

358 2265 595 2304 examinandis,
619 2269 718 2308 quarn
735 2267 840 2298 multa
857 2268 896 2298 sc.
917 2267 947 2297 δε
961 2270 1058 2307 quam
1076 2266 1161 2298 bona
1182 2279 1201 2299 a
1217 2267 1320 2299 fabris
1338 2268 1425 2299 faeta
1439 2267 1553 2299 essent.
1599 2268 1683 2298 Haec

359 2311 496 2355 propria
523 2313 572 2343 vis
589 2314 866 2354 τνὶ»ψι·”--.νι»νεγη·
894 2320 929 2343 ut
957 2312 1188 2354 supri11.6.c.
1209 2322 1262 2352 27.
1287 2313 1308 2346 l
1332 2322 1386 2350 24.
1405 2324 1432 2345 c.
1455 2322 1512 2351 40.
1540 2313 1562 2343 l.
1581 2321 1634 2351 25.
1651 2323 1683 2344 c.

362 2368 416 2390 11.
467 2360 620 2400 Adspicere
641 2357 764 2388 dicitur
787 2358 828 2389 de
855 2357 962 2388 minus
987 2358 1135 2395 intento;
1157 2358 1332 2400 aliquoties
1352 2366 1462 2390 tamen
1490 2358 1580 2400 apud
1608 2357 1685 2388 nos·

360 2411 448 2435 trum
466 2403 624 2439 occurrit,
657 2403 712 2434 ubi
731 2403 824 2435 alteri
844 2404 935 2434 locus
953 2403 1013 2434 effe
1037 2404 1218 2436 videretur.
1267 2405 1302 2449 (5
1311 2404 1323 2444 )
1349 2405 1456 2446 Supra
1478 2403 1501 2434 l.
1523 2413 1552 2443 5.
1574 2414 1603 2434 c.
1624 2412 1680 2444 13.

357 2449 428 2480 libri
444 2450 579 2491 Sibyllini
589 2462 624 2479 ex
644 2451 877 2491 stmtuscmfidlo
891 2451 963 2479 aizti
980 2451 1054 2490 suut.
1100 2448 1158 2490 (ὁ)
1181 2450 1340 2481 Nondum
1355 2448 1515 2491 Hispania
1540 2447 1681 2480 ulterior

358 2493 445 2526 inter
459 2494 647 2536 provincias
666 2496 832 2526 Romanas
848 2502 927 2526 erat.
980 2496 1067 2537 Ergo
1092 2503 1147 2526 aut
1163 2494 1320 2536 prolepsis
1339 2493 1395 2532 est,
1416 2502 1470 2526 aut
1489 2495 1529 2526 eo
1546 2493 1679 2536 respicit

357 2539 485 2578 livius,
522 2541 612 2580 quOd
644 2540 779 2571 Publius
813 2540 1008 2581 Cnaeusque,
1058 2547 1152 2581 pater
1181 2541 1213 2570 δι
1241 2549 1378 2582 patruus
1407 2538 1568 2577 Africani,
1607 2550 1680 2572 earn

356 2586 424 2615 sere
451 2585 517 2626 jam
535 2585 743 2626 provinciam
760 2587 919 2617 fecerant.
967 2586 1024 2626 (7)
1049 2585 1137 2628 Qia
1155 2596 1272 2627 nempe
1295 2585 1328 2618 id
1349 2584 1473 2619 uecefle
1491 2592 1562 2618 erat
1588 2595 1680 2633 mag-

356 2640 436 2662 num
454 2629 572 2670 videri,
596 2631 635 2662 de
654 2642 721 2673 quo
739 2639 805 2663 tam
823 2630 1037 2664 immodicum
1052 2630 1209 2675 gaudium
1226 2629 1312 2664 effet-
