1834 3099
314 156 349 198 L
371 157 389 197 I
411 157 444 198 B
469 156 500 197 E
524 156 564 197 R
627 155 816 198 XXVII.
873 155 909 197 C
932 157 971 197 A
994 156 1044 197 P.
1103 156 1264 197 XXIII.

120 276 162 316 &
184 272 248 315 Μ.
281 274 422 316 Silano
446 273 528 315 suae
557 273 784 329 Hispaniae,
818 272 961 328 suique
983 275 1187 315 exercitus
1223 274 1264 313 in
1299 288 1455 314 annum

116 333 286 374 decreti.
348 333 490 388 Scipio
527 347 582 375 ex
617 333 832 389 octoginta
867 333 1055 383 navibus,
1089 348 1190 388 quas
1223 344 1293 374 aut
1316 334 1455 374 secum

116 405 167 434 ex
189 392 306 433 Italia
329 392 531 434 adduCtas
554 403 626 433 aut
654 404 794 447 captas
817 391 1074 448 Karthagine
1107 393 1298 443 habebat,
1332 392 1456 446 quin-

119 452 317 507 quaginta
351 452 395 491 in
431 451 666 493 Sardiniam
702 450 980 492 transmittere
1013 452 1170 508 juss'us:
1219 452 1316 505 quia
1345 451 1456 492 fama

117 522 222 560 erat,
255 525 456 566 magnum
493 512 680 552 navalem
715 520 959 565 apparatum
982 525 1032 551 eo
1067 525 1176 551 anno
1198 510 1456 567 Karthagine

119 569 232 619 effe3
266 571 457 611 ducentis
493 570 667 611 navibus
687 584 856 610 omnem
890 584 1007 610 oram
1042 570 1187 619 Italiae,
1220 570 1455 623 Siciliaeque

119 641 168 669 ac
190 628 391 670 Sardiniae
414 630 671 684 impleturos.
733 628 787 669 Et
808 629 849 668 in
873 628 1012 669 Sicilia
1033 629 1090 669 ita
1123 627 1249 669 divisa
1282 643 1346 670 res
1380 629 1455 670 est.

118 687 215 728 Sex.
239 688 393 730 Caesari
426 688 632 729 exercitus
655 687 885 730 Cannenlis
915 687 974 728 est
1015 688 1150 728 datus.
1173 688 1238 727 M.
1261 687 1458 728 Valerius

119 745 317 789 Laevinus
353 747 408 802 (ei
440 761 609 802 quoque
650 747 764 787 enirn
808 757 1078 802 prorogatum
1121 746 1344 801 imperium
1379 747 1458 802 est)

119 806 300 860 classem,
331 821 427 860 quae
455 808 506 847 ad
523 806 709 848 Siciliam
744 817 847 857 erat,
882 806 1050 847 navium
1072 805 1330 861 septuaginta
1351 805 1458 846 obti-

120 875 250 906 neret.
315 866 502 906 Adderet
533 868 586 907 eo
623 865 790 921 triginta
828 879 970 918 naves,
1002 879 1095 920 quae
1137 866 1186 906 ad
1225 865 1457 905 Parentum

120 924 257 979 priore
288 938 396 966 anno
438 924 619 966 fuerant.
656 939 753 966 cum
786 939 833 965 ea
868 935 1039 965 centum
1074 924 1241 965 navium
1266 925 1398 974 claffe,
1434 926 1457 963 li

118 983 328 1025 videretur
349 984 404 1036 ei,
436 984 723 1039 praedatumin
739 983 925 1025 Africam
948 984 1169 1040 trajiceret.
1230 983 1282 1024 Et
1299 984 1348 1024 P.
1363 983 1460 1024 Sul-

72 1084 83 1091 *
120 1041 249 1097 picio,
282 1053 327 1083 ut
355 1043 498 1084 eadem
519 1044 634 1084 claffe
653 1043 947 1085 Macedoniam
973 1043 1267 1097 Graeciamque
1292 1043 1461 1097 provin-

120 1102 229 1143 ciam
249 1101 435 1152 haberet,
467 1114 736 1158 prorogatum
758 1103 799 1142 in
830 1117 985 1143 annum
1009 1102 1230 1157 imperium
1254 1102 1325 1144 est.
1389 1102 1459 1144 De

121 1161 300 1211 duabus,
332 1176 425 1216 quae
448 1163 498 1203 ad
520 1162 664 1203 urbem
682 1162 863 1202 Romam
886 1161 1069 1213 fuerant,
1101 1161 1333 1216 legionibus
1355 1161 1459 1202 nihil

122 1231 346 1261 mutatum.
407 1221 774 1276 Supplemcntum‚
822 1236 906 1288 quo
939 1235 1045 1276 opus
1077 1221 1191 1271 ess'et,
1237 1220 1461 1262 scriberent

122 1279 328 1330 consules,
353 1286 369 1331 Η
390 1280 639 1336 permiffum.
674 1281 774 1323 Unzi
801 1283 839 1321 &
858 1279 1003 1336 viginti
1026 1279 1257 1335 legionibus
1277 1294 1329 1320 eo
1349 1294 1460 1321 anno

123 1338 367 1380 defensum
359 1340 580 1396 imperium
605 1340 728 1380 Rom
721 1354 846 1380 inum
879 1340 953 1380 cst.
1016 1339 1069 1380 Et
1088 1339 1133 1379 P.
1160 1339 1206 1379 I
1199 1340 1323 1380 1ciuio
1347 1340 1461 1381 Varo

124 1399 291 1453 praetori
324 1399 436 1440 urbis
467 1399 682 1455 negotium
713 1401 874 1451 datum,
908 1410 951 1439 ut
982 1413 1098 1439 naves
1129 1399 1258 1454 longas
1297 1400 1463 1453 triginta

124 1466 269 1498 veteres
310 1457 493 1513 reficeret,
537 1474 615 1513 quae
648 1458 756 1514 Qstiae
788 1432 913 1508 emn’zt,
949 1458 1003 1501 Εἴ
1024 1459 1166 1512 viginti
1187 1473 1305 1498 novas
1345 1474 1465 1498 naves

110 1516 226 1572 sociis
247 1518 449 1558 navalibus
465 1519 634 1572 impleret
653 1536 665 1557 :
699 1527 740 1557 ut
762 1519 1037 1572 quinquaginta
1060 1519 1218 1565 navium
1233 1517 1338 1573 classe
1356 1533 1463 1557 oram

127 1577 248 1616 maris
288 1577 454 1617 vicinam
496 1578 582 1617 urbi
612 1578 789 1617 Romana:
822 1579 923 1616 tueri
947 1577 1069 1632 pqffi’t.
1135 1576 1182 1615 C.
1207 1577 1462 1631 Calpurnius

125 1634 278 1676 vetitus
299 1634 349 1676 ab
383 1636 552 1677 Arretio
569 1650 734 1676 movere
757 1635 1003 1684 exercitum,
1030 1635 1099 1674 nili
1117 1649 1249 1690 quum
1265 1634 1463 1677 successor

127 1694 295 1735 venifl'et
373 1697 436 1750 (3)
466 1695 583 1736 Idem
609 1698 648 1736 &
670 1694 841 1736 Tubulo
883 1695 1149 1750 imperatum,
1183 1705 1229 1735 ut
1271 1695 1366 1736 inde
1401 1700 1463 1750 (4)

125 1753 334 1808 praecipue
357 1766 536 1806 caveret,
569 1769 620 1795 ne
643 1769 723 1809 qua
742 1769 847 1794 nova
867 1754 1032 1795 confilia
1050 1764 1310 1808 caperentur.

185 1812 348 1853 XXIII.
382 1813 585 1856 Praetores
604 1815 644 1854 in
674 1814 906 1869 provincias
921 1812 1113 1869 profecti.
1179 1813 1381 1855 Consules
1401 1828 1466 1854 re-

128 1870 228 1927 ligio
250 1871 434 1924 tenebat,
466 1872 596 1928 quod,
630 1874 827 1929 prodigiis
849 1875 1006 1928 aliquot
1029 1873 1251 1923 nunciatis,
1284 1888 1369 1912 non
1403 1873 1464 1913 fa-

129 1929 206 1972 cile
228 1931 452 1984 sslitabant.
515 1933 566 1974 Et
588 1947 642 1973 ex
663 1933 892 1987 Campani&
924 1932 1118 1972 nunciata
1142 1942 1273 1981 erant,
1307 1932 1463 1986 Capuae

127 1989 232 2032 duas
253 1992 379 2041 aedes,
409 1992 605 2032 Fortunae
645 1994 682 2032 &
710 1992 874 2057 Martie,
909 1995 950 2032 δε
983 1990 1196 2044 sepulchra
1232 1992 1391 2045 aliquot
1413 1993 1464 2032 de

129 2049 240 2089 coelo
281 2049 405 2090 taeta.
469 2050 615 2091 Cumis
652 2049 775 2102 (adeo
811 2050 993 2090 minimis
1027 2049 1151 2089 etiam
1190 2049 1313 2090 rebus
1340 2065 1466 2106 prava

129 2106 274 2162 religio
298 2107 438 2148 inserit
465 2108 600 2163 Deos)
637 2123 775 2150 mures
814 2109 854 2148 in
893 2109 979 2148 mdc
1000 2109 1116 2162 Jovis
1149 2123 1297 2149 aurum
1321 2108 1465 2151 rofiffe.

130 2165 267 2207 Cafini
299 2181 473 2208 examen
515 2168 654 2223 apium
692 2169 836 2223 ingens
877 2167 918 2207 in
961 2166 1053 2208 foro
1099 2160 1333 2209 consedisse.
1414 2169 1469 2209 Et

130 2225 260 2266 Ostiae
284 2240 452 2267 murtrn
476 2238 723 2282 portamque
761 2228 811 2267 de
851 2228 958 2267 coelo
992 2227 1162 2268 tactam.
1224 2228 1341 2270 Caere
1379 2230 1470 2269 vul-

130 2285 287 2325 turium
320 2286 466 2326 volaffe
489 2286 530 2325 in
561 2288 691 2328 aedem
709 2286 836 2339 Jovis.
901 2286 1094 2327 Volliniis
1112 2286 1309 2342 sanguine
1332 2288 1470 2328 lacum

133 2348 152 2396 ss
179 2345 367 2386 manasse.
430 2345 597 2386 Horum
623 2345 908 2403 prodigiorum
931 2345 1051 2387 caus&
1079 2345 1190 2386 diem
1214 2360 1346 2387 unum
1377 2345 1472 2403 sup-

1302 2403 1471 2461 plicatio

132 2522 279 2555 revocati
297 2523 338 2555 ab
355 2523 407 2555 sen
429 2532 464 2556 tu
481 2526 599 2556 forent.
646 2524 704 2566 (3)
722 2525 799 2568 Non
827 2531 959 2567 poterat
976 2525 1040 2556 'noc
1057 2524 1195 2556 Tubulo
1220 2524 1390 2567 imperari,
1414 2526 1470 2567 qui

133 2577 206 2600 tum
225 2570 367 2612 primuni
387 2570 420 2601 in
440 2571 647 2612 provinciam
665 2580 736 2603 erat
756 2572 969 2613 proiecturus
988 2570 1085 2602 initio
1113 2571 1192 2602 anni
1222 2571 1282 2609 sui,
1304 2582 1373 2612 quo
1391 2581 1416 2603 t<
1427 2584 1474 2602 m-

134 2625 216 2657 pore
231 2617 382 2647 nondum
396 2627 529 2658 :equum
557 2626 628 2649 erat
647 2619 687 2649 de
711 2619 780 2659 ejus
798 2615 978 2649 successore
992 2617 1139 2660 cogitari.
1187 2619 1276 2659 Lege
1296 2619 1395 2648 Eidem
1413 2619 1472 2658 (sc.

135 2660 339 2703 Calpurnio)
352 2663 383 2692 S<
401 2664 533 2699 ‘Tubulo-r
561 2674 692 2695 necnon
708 2674 784 2694 mox
802 2671 943 2694 caverent.
991 2665 1049 2704 (4)
1073 2663 1128 2694 Ab
1143 2665 1291 2702 Arretio,
1315 2675 1382 2707 quae
1397 2664 1476 2696 urbs

138 2713 209 2738 tum
228 2708 385 2739 Romaniz
404 2709 500 2741 valde
519 2710 664 2751 suspectu
683 2718 763 2740 erat.

1480 1322 1569 1364 Legit

1573 169 1679 198 -Mt

1569 2063 1599 2111 ἦ-

1573 1335 1615 1352 ἳίἷ

1634 1331 1672 1352 25

1485 1922 1638 1963 Prodigis.
