1860 3099
340 219 413 262 LI
437 221 468 262 Β
492 220 526 262 E
548 221 588 261 R
650 209 811 262 xxm.
875 220 911 262 c
935 223 972 263 A
996 222 1042 264 Ρ.
1104 218 1246 265 xxv.
1603 206 1683 280 19'3

135 337 499 392 comparandisque
531 336 572 378 in
606 352 761 378 annum
801 337 943 378 Patres
981 339 1222 380 consuleret.
1303 318 1448 400 Qum
1470 342 1681 397 Lpaeumrzf«

133 410 191 436 eae
222 392 285 436 rea
322 397 498 437 maxime
536 410 768 452 agerentur,
804 411 907 436 nova
940 397 1075 437 clades
1125 399 1448 455 nunciata,(2)a-
1468 391 1625 466 gfff&
1652 402 1682 419 ¹²⁴

135 455 230 493 liam
282 454 400 509 super
433 456 553 495 aliam
599 456 837 494 cumulante
862 456 903 494 in
929 468 1026 494 eum
1060 466 1217 496 annum
1262 457 1445 508 fortun&
1465 448 1676 512 exin-fisa-

133 512 182 552 L.
227 514 496 562 Postumium‚
529 513 737 554 consulem
773 512 1044 568 designatum,
1081 514 1122 554 in
1156 515 1293 556 Gallia
1316 516 1446 570 ipsum
1465 534 1519 558 tus.

129 581 251 623 atque
304 573 528 612 exercitum
570 572 738 612 deletos.
800 571 909 612 Silva
951 582 1038 612 erat
1075 573 1201 625 vasta,
1238 574 1448 628 (Litanam

131 628 244 668 Galli
283 630 500 684 vocabant)
543 631 623 685 qua
662 629 888 686 exercitum
922 631 1188 671 traducturus
1229 642 1328 672 erat.
1361 631 1451 690 ejus

130 687 234 727 filvae
256 688 397 728 dextra
418 688 599 741 laevaque
632 688 739 728 circa
752 687 859 727 viam
884 689 996 728 Galli
1019 689 1182 730 arbores
1205 690 1259 730 ita
1296 691 1452 732 incide-

129 756 238 796 rant,
256 756 301 785 ut
322 747 503 786 immotae
527 747 691 796 starent,
710 750 773 801 (3)
795 757 1008 787 momento
1039 747 1118 788 levi
1154 747 1339 804 impulsae
1381 765 1451 792 oc-

130 803 327 845 ciderent.
391 805 594 860 Legiones
617 806 718 845 duas
751 805 964 845 Romanas
991 805 1166 846 habebat
1199 807 1452 858 Postumius,

128 861 367 916 sociumque
385 863 433 902 ab
449 863 593 917 supero
612 864 713 903 mari
734 873 896 903 tantum
912 863 1217 918 conscripserat,
1235 877 1281 906 ut
1303 868 1451 923 viginti

127 921 311 974 quinque
335 921 460 961 millia
478 931 732 962 armatorum
770 922 812 960 in
855 937 973 977 agros
1009 922 1188 963 hostium
1227 924 1449 967 induxerit.

128 979 242 1018 Galli
264 993 378 1019 oram
403 983 463 1034 (⁴4)
485 991 679 1020 extremae
702 980 805 1019 filvae
827 995 956 1034 quum
979 980 1340 1033 circumsedissent,
1379 985 1450 1026 ubi

126 1035 292 1077 intravit
313 1053 460 1093 agmen
478 1038 641 1090 saltum,
655 1049 743 1078 tum
766 1050 969 1079 extremas
991 1039 1182 1080 arborum
1203 1041 1449 1084 succisarum

127 1094 357 1149 impellunt.
391 1112 497 1151 quae,
516 1098 592 1137 alia
614 1097 656 1136 in
679 1097 815 1146 aliam,
837 1097 1067 1138 instabilem
1089 1112 1162 1153 per
1184 1098 1222 1139 se
1254 1115 1300 1142 ac
1340 1103 1448 1143 male}

125 1153 368 1204 haerentem,
405 1155 649 1204 incidentes,
674 1157 736 1210 (5)
770 1155 938 1210 ancipiti
961 1162 984 1208 †
1003 1156 1132 1211 strage
1155 1166 1283 1208 arma,
1320 1160 1447 1210 viros,

125 1227 253 1266 equos
274 1214 517 1265 obruerunt,
540 1224 584 1254 ut
604 1214 670 1254 vix
688 1216 831 1255 decem
852 1214 1041 1255 homines
1061 1216 1303 1272 effugerent.
1335 1216 1447 1259 Nam

128 1286 257 1325 quum
288 1273 509 1312 exanimati
541 1272 725 1327 plerique
767 1273 890 1312 effent
922 1272 1114 1314 arborum
1148 1277 1305 1316 truncis
1336 1277 1448 1333 frag-

125 1329 354 1384 mentisque
390 1341 615 1379 ramorum‚
657 1340 835 1371 ceteram
890 1346 1055 1386 quoque
1116 1335 1447 1387 multitudinem,

126 1387 338 1442 inopinato
362 1391 469 1429 malo
502 1389 720 1443 trepidam,
764 1389 894 1440 Galli,
930 1390 1076 1430 saltum
1111 1406 1278 1432 omnem
1300 1395 1446 1434 armati

123 1447 483 1498 circumsedentes,
538 1447 868 1496 interfeceruut3
900 1449 1041 1502 paucis
1073 1463 1094 1488 e
1136 1460 1250 1490 tanto
1271 1465 1447 1493 numero

122 1504 270 1559 captis,
291 1506 376 1559 qui,
410 1505 590 1546 fluminis
618 1515 788 1560 pontem
822 1516 1025 1560 petentes,
1066 1506 1217 1549 obsesso
1260 1513 1354 1550 ante)
1393 1510 1446 1551 ab

123 1563 308 1604 hostibus
330 1574 455 1619 ponte
471 1567 534 1620 (6)
556 1564 759 1604 interclusi
783 1563 888 1604 sunt.
950 1564 1012 1605 Ibi
1034 1565 1288 1619 Postumius,
1329 1567 1446 1609 omni

123 1622 180 1672 vi,
204 1636 255 1663 ne
272 1633 501 1677 caperetur,
524 1623 740 1672 dimicans,
754 1622 964 1665 occubuit.
998 1623 1123 1678 spolia
1143 1626 1326 1680 corporis
1348 1642 1447 1682 cap-

125 1692 253 1735 utque
275 1682 390 1722 ducis
405 1680 617 1736 praecisum
636 1681 729 1738 Boji
765 1693 933 1722 ovantes
974 1684 1146 1737 templo,
1178 1685 1290 1740 quod
1332 1685 1447 1727 sanc-

124 1739 317 1780 tiffimum
331 1740 388 1781 est
411 1740 519 1795 apud
541 1754 626 1789 eos,
648 1739 821 1780 intulere
847 1755 855 1780 :
887 1752 1061 1795 purgato
1098 1741 1192 1783 inde
1219 1743 1370 1799 capite,
1398 1754 1445 1784 ut

124 1797 278 1839 mosiis
300 1799 372 1848 est,
403 1799 634 1853 (7)calvam
657 1813 756 1838 auro
777 1799 984 1839 caelavere.
1016 1798 1140 1854 idque
1176 1800 1336 1841 sacrum
1373 1817 1446 1844 vas

122 1857 171 1897 iis
187 1866 289 1907 erat,
304 1871 386 1910 quo
411 1857 658 1898 sollennibus
692 1856 897 1897 libarent:
930 1859 1211 1913 poculumque
1243 1859 1353 1901 idem
1384 1861 1445 1902 sa-

125 1915 280 1956 cerdoti
297 1916 357 1970 (8)
380 1916 471 1964 effe,
509 1930 555 1956 ac
589 1915 733 1970 templi
769 1915 1030 1957 antistitibus.
1090 1917 1235 1958 Praeda
1277 1933 1444 1974 quoque

122 1973 234 2014 haud
248 1974 383 2014 minor
415 1975 563 2023 Gallis,
580 1973 705 2028 quam
726 1973 913 2022 vinitoria,
934 1973 1027 2015 fuit.
1050 1988 1145 2016 nam
1182 1973 1251 2016 etfi
1293 1992 1445 2034 magna

123 2046 216 2086 pars
248 2033 486 2073 animalium
509 2033 639 2088 strage
663 2033 766 2072 filvae
787 2033 970 2087 oppreffa
989 2043 1091 2082 erat,
1126 2045 1265 2075 tamen
1298 2046 1444 2077 ceterae

124 2105 203 2139 res,
227 2091 323 2144 quia
355 2091 456 2131 nihil
491 2091 722 2144 diffipatum
764 2090 864 2147 fuga
898 2091 972 2142 est,
1014 2092 1147 2132 stratae
1182 2107 1254 2148 per
1275 2108 1444 2136 omnem

122 2149 297 2206 jacentis
320 2149 494 2204 agminis
514 2150 702 2190 ordinem
724 2149 900 2189 inventae
923 2149 1028 2192 sunt.

184 2207 325 2248 XXV.
358 2207 450 2248 Hac
471 2208 665 2248 nunciata
686 2208 815 2257 clade,
838 2222 968 2261 quum
989 2223 1062 2263 per
1093 2208 1180 2251 dies
1211 2207 1365 2253 multos
1399 2210 1441 2252 in

127 2325 308 2358 verborum
333 2325 503 2367 praesentia
521 2325 553 2356 Sc
567 2326 715 2367 perfecta
728 2324 908 2368 jungit.E.]
951 2326 1011 2366 (i)
1034 2320 1085 2358 Sic
1102 2326 1190 2359 infra
1219 2327 1241 2364 l.
1262 2338 1316 2368 25.
1337 2340 1364 2361 c.
1390 2338 1445 2365 22,

125 2372 188 2403 Hae
211 2374 314 2408 clades,
331 2374 421 2414 super
446 2373 536 2403 aliam
567 2373 641 2408 alia,
666 2373 786 2402 Romam
815 2385 896 2411 quum
921 2371 1000 2414 efflnt
1025 2374 1179 2405 nunciutae.
1209 2374 1241 2404 Sc
1275 2375 1295 2405 l.
1329 2374 1382 2407 26.
1405 2386 1439 2407 «c.

125 2428 182 2455 41.
214 2418 233 2448 Ι.
258 2426 311 2456 27.
342 2428 371 2448 c.
400 2426 453 2454 40.
498 2415 654 2447 Similiter
683 2418 766 2458 leges,
796 2418 867 2448 ‹zliae
888 2417 980 2458 super
1008 2420 1081 2448 alias
1108 2419 1206 2460 supra
1223 2418 1246 2450 1.
1274 2429 1303 2459 3.
1330 2431 1359 2454 c.
1389 2420 1456 2453 680

123 2466 179 2494 tela
188 2464 343 2505 aliasuper
355 2464 416 2493 alia
435 2476 445 2493 :
460 2463 556 2503 funus
571 2461 742 2503 aliudsttper
752 2463 852 2497 aliud:
875 2464 970 2492 nuncii
981 2464 1131 2506 aliisuper
1141 2466 1223 2495 alios.
1242 2463 1329 2497 inst-5
1352 2466 1372 2497 1,
1389 2467 1443 2499 26,

123 2519 151 2540 c.
179 2519 199 2546 4
217 2508 250 2539 &
269 2518 323 2545 41.
342 2507 362 2538 1.
377 2517 431 2547 34.
457 2519 486 2539 c⁴
513 2511 569 2545 40.
617 2508 674 2547 (3)
693 2508 872 2537 Momentum
902 2506 946 2538 est
971 2506 1005 2538 id
1037 2508 1129 2549 quod
1159 2517 1286 2542 movet.
1331 2513 1448 2553 ltaque

124 2562 256 2585 momento
271 2555 332 2584 levi
348 2552 402 2584 hic
418 2553 504 2585 idem
521 2553 565 2584 est
581 2563 617 2583 ac
630 2552 693 2583 levi
709 2551 792 2589 fietu,
807 2552 871 2584 levi
888 2552 981 2583 tactu
1043 2554 1099 2595 (4)
1126 2554 1220 2586 Alibi
1250 2558 1364 2595 ultima,
1390 2558 1447 2590 seu

127 2607 256 2630 extrema
271 2599 445 2640 ormsuprssl
474 2599 498 2630 l.
529 2610 555 2630 ι.
581 2609 612 2629 c.
639 2598 690 2629 18.
714 2597 738 2630 l.
760 2607 798 2636 5.
822 2608 850 2628 c.
876 2607 931 2637 37.
960 2598 981 2628 l.
1008 2607 1063 2631 21.
1089 2610 1118 2631 c.
1146 2605 1198 2639 31'.
1246 2601 1300 2642 (5)
1331 2603 1447 2646 Qum

130 2644 364 2681 sternerentur,
376 2644 439 2676 §ive
452 2651 588 2675 ruerent
605 2643 739 2674 arbores
756 2642 791 2673 in
808 2651 1043 2685 quamcunque
1061 2651 1200 2686 partem'.
1250 2646 1306 2688 (6)
1322 2649 1447 2690 Hujus-

129 2690 218 2721 modi
243 2689 458 2731 repetitiones
471 2689 570 2721 Livio
586 2689 675 2720 haud
692 2687 850 2719 inufitatae
870 2688 957 2719 sunt.
1006 2688 1056 2720 Sic
1073 2690 1171 2732 supra
1193 2691 1215 2722 1.
1239 2701 1269 2724 1.
1285 2702 1315 2725 c.
1353 2703 1380 2732 3.
1398 2696 1448 2735 se„

120 2736 219 2777 ‘pultus
235 2738 264 2765 in
279 2748 308 2765 eo
319 2737 394 2770 colle.
411 2738 460 2777 qm'
475 2748 544 2766 nunc
558 2736 592 2779 {st
603 2744 677 2777 pars
692 2736 829 2765 Romanae
844 2735 934 2771 urbis,
945 2747 1086 2776 cflgncmen
1096 2736 1253 2776 collisecft.
1293 2738 1451 2779 (7)Calva

130 2779 174 2810 est
191 2779 339 2821 superior
353 2780 467 2822 capitis
483 2791 571 2823 pars.
590 2780 669 2812 Vid.
684 2787 756 2810 not.
775 2788 803 2811 2.
827 2779 868 2810 ad
881 2790 908 2811 c.
933 2780 988 2812 28.
1017 2780 1036 2812 l.
1064 2790 1118 2814 21.
1141 2781 1248 2825 supra.
1265 2783 1322 2826 (8)
1337 2784 1374 2814 Ei
1391 2785 1451 2825 qui

127 2824 217 2856 sacra
232 2823 362 2859 fecisset,
381 2827 412 2856 δε
426 2826 489 2858 toti
505 2824 643 2867 collegio
659 2823 840 2857 antistitum
856 2824 979 2867 templi.

189 2869 311 2909 ’[οΜ.
335 2869 410 2909 111.
825 2868 866 2907 Ο
1337 2883 1453 2914 tanto
