1834 3099
388 190 624 233 LIBER
664 189 1133 233 XXVI.cAP.1v.
1631 203 1654 243 ς

124 306 315 349 duellionis
348 311 409 364 (5)
430 309 473 364 fi
490 310 671 364 judicare
707 309 778 349 Cn.
808 308 959 357 Fulvio,
991 307 1108 356 dixit,
1140 306 1330 362 diemque
1362 321 1431 348 co-

125 366 251 408 mitiis
285 369 346 422 (6)
378 368 428 408 ab
463 369 513 410 C.
536 367 759 422 Calpurnio
789 376 964 420 praetore
996 365 1107 406 urbis
1138 365 1252 419 petit.
1328 365 1436 406 Inde

124 424 200 464 alia
223 425 310 480 spes
333 426 381 466 ab
399 441 468 467 reo
490 437 645 467 tentata
664 425 721 465 est
738 440 747 465 ε
770 425 795 464 fi
811 424 938 465 adeffe
956 427 1017 479 (7)
1033 424 1074 463 in
1087 423 1244 479 judicio
1262 423 1317 479 Q.
1334 424 1432 464 Ful-

122 483 212 523 vius
234 484 358 524 frater
380 486 521 539 posset,
551 484 700 525 florens
720 493 810 523 tum
835 486 873 524 δε
899 482 1009 523 fama
1040 495 1177 522 rerum
1210 481 1431 537 gestarum,

126 543 164 581 &
189 543 418 597 propinqua
439 543 505 597 spe
527 543 680 597 Capuae
701 541 923 596 potiundae.
985 541 1033 581 Id
1053 554 1181 594 quum
1204 553 1276 594 per
1297 540 1433 580 literas

123 599 402 641 miserabiliter
439 616 512 655 pro
543 600 678 641 fratris
707 600 838 654 capite
869 599 1036 654 scriptas
1067 599 1223 653 petifl'et
1248 599 1433 649 Fulvius,

122 659 409 714 negaffcntque
430 660 570 700 Patres
602 673 624 699 e
655 657 862 712 republica
896 659 987 708 effe,
1019 657 1177 698 abscedi
1209 671 1232 696 a
1260 655 1431 712 Capuam

123 716 338 771 postquam
368 720 429 772 (8)
451 718 537 758 dies
559 717 819 758 comitiorum
843 718 995 765 aderat,
1025 715 1103 757 Cn.
1126 715 1295 756 Fulvius
1317 714 1434 755 exsu-

123 774 252 815 latum
293 776 540 830 Tarquinios
565 775 674 816 abiit.
701 775 742 815 id
764 775 801 816 ei
827 775 986 832 justum
1016 778 1077 830 (9)
1105 774 1295 814 exsilium
1341 774 1433 824 effe,

123 831 238 873 scivit
259 834 386 888 plebs.

182 891 259 931 IV.
293 893 405 932 Inter
435 892 523 934 haec
554 893 614 934 vis
636 892 770 934 omnis
790 891 886 933 belli
907 891 1018 933 versa
1050 891 1093 931 in
1116 891 1302 947 Capuam
1334 901 1432 932 erat.
1457 909 1567 952 Capuae
1579 922 1644 941 m.

123 948 380 991 obfidebatur
401 962 538 992 tamen
560 950 710 1001 acrius,
742 950 867 1006 quam
890 950 1205 1006 oppugnabatur
1223 966 1232 991 :
1265 964 1342 991 nec
1364 964 1434 991 aut
1453 958 1510 986 tior
1532 956 1641 998 offici-³0·

122 1007 275 1048 famem
300 1009 685 1062 tolerare†servitia
707 1025 752 1051 ac
786 1010 904 1065 plebs
934 1019 1138 1064 poterant,
1169 1018 1240 1049 aut
1271 1009 1434 1050 mittere

123 1067 297 1107 nuncios
333 1069 383 1107 ad
416 1068 695 1109 Hannibalem
729 1083 801 1123 per
827 1069 1029 1110 custodias
1052 1079 1135 1108 tam
1157 1067 1304 1108 aretas.
1365 1068 1435 1107 ln-

121 1136 268 1166 ventus
302 1127 359 1167 est
394 1127 593 1176 Numida,
639 1127 709 1181 qui
745 1127 922 1182 acceptis
963 1127 1106 1177 literis,
1148 1125 1362 1166 evasurum
1395 1126 1434 1167 se

122 1183 335 1238 professus,
367 1196 412 1225 ut
448 1186 684 1239 promissum
722 1186 943 1240 praestaret,
975 1199 1047 1240 per
1075 1185 1210 1225 media
1243 1184 1434 1225 Romana

122 1243 252 1283 castra
275 1243 397 1284 noete
420 1245 609 1299 egressus,
642 1244 752 1298 spem
775 1245 963 1285 accendit
982 1243 1218 1298 Campanis,
1239 1244 1338 1283 dum
1363 1243 1436 1283 ali-

124 1302 222 1354 quid
247 1302 393 1342 virium
417 1303 647 1356 superesset,
680 1302 729 1342 ab
753 1303 866 1343 omni
902 1312 1017 1357 parte
1051 1302 1311 1357 eruptionem
1346 1312 1435 1343 ten-

122 1360 250 1401 tandi.
310 1361 508 1401 CeterUm
532 1361 573 1400 in
595 1361 735 1402 multis
757 1360 1048 1402 certaminibus
1069 1359 1270 1414 equestria
1289 1361 1435 1415 proelia
1457 1375 1619 1417 Equestria>

121 1417 251 1458 ferme
273 1418 462 1473 prospera
484 1419 688 1459 faciebant
707 1434 716 1459 :
748 1420 905 1474 pedites
937 1419 1244 1472 superabantur.
1266 1419 1334 1459 sed
1365 1433 1437 1460 ne·
1454 1424 1558 1464 sroelia
1576 1426 1658 1464 pres-

122 1491 329 1531 quaquam
352 1487 436 1517 tam
471 1478 610 1518 laetum
635 1480 695 1532 (1)
721 1478 899 1528 vincere,
931 1477 1058 1532 quam
1091 1477 1202 1518 triste
1225 1477 1335 1518 vinci
1356 1479 1437 1518 ulla
1453 1474 1529 1537 {0'5
1573 1468 1658 1499 ΟΜ·

119 1545 233 1589 parte
253 1545 340 1575 erat
374 1535 423 1576 ab
455 1535 604 1576 obseffo
639 1539 680 1577 ὅτ
712 1535 839 1591 prope
874 1545 1109 1591 expugnato
1139 1535 1269 1576 hoste.
1331 1536 1437 1578 Inita
1452 1526 1555 1554 ’ΜΨ

119 1595 286 1635 tandem
321 1594 423 1634 ratio
445 1594 517 1644 est,
551 1604 611 1645 ut,
644 1596 755 1648 quod
786 1594 939 1635 viribus
961 1595 1115 1643 deerat,
1147 1604 1232 1634 arte
1254 1608 1436 1649 aequare-

123 1662 203 1693 tur.
225 1667 272 1693 ex
296 1652 487 1694 omnibus
510 1653 740 1708 legionibus
761 1653 882 1694 eletffi
914 1652 1006 1693 sunt
1032 1653 1223 1708 juvenes,
1256 1653 1434 1695 maxime

121 1712 260 1766 vigore
283 1726 330 1751 ac
351 1712 514 1752 levitate
548 1726 769 1766 corporum
794 1713 954 1752 veloces
973 1727 983 1752 z
1014 1712 1072 1752 eis
1103 1725 1258 1766 parmae
1276 1711 1436 1753 brevio-

121 1784 203 1819 res,
236 1769 359 1824 quam
393 1769 615 1824 equestres,
653 1772 690 1811 &
716 1770 880 1825 septena
911 1771 1048 1825 jacula
1069 1779 1290 1823 quaternos
1311 1772 1435 1826 longa

122 1830 246 1884 pedes
261 1828 541 1883 data‚praefixa
555 1828 681 1881 ferro,
701 1830 820 1884 quale
842 1828 965 1869 hastis
981 1828 1218 1869 velitaribus
1235 1831 1301 1887 (2)
1317 1829 1432 1870 inest.

1362 1901 1433 1930 eos

1452 697 1483 726 It
1509 694 1538 724 in
1565 695 1658 738 ‘’fil“-

1454 756 1470 773 u
1472 755 1508 774 m·

118 2009 242 2049 privato
259 2018 296 2038 ex
313 2006 454 2038 formula
478 2006 602 2038 solenni
623 2005 756 2039 videtur
771 2006 931 2049 apposita.
991 2006 1146 2038 Similiter
1170 2005 1267 2048 plane
1292 2005 1378 2038 infra
1413 2005 1434 2037 l.

124 2061 180 2090 43.
197 2063 224 2082 c.
243 2054 295 2084 16.
324 2053 638 2093 Cenfhres...,mul‹flam
658 2060 714 2094 pro
731 2057 852 2083 concione
872 2056 993 2094 privato
1015 2055 1158 2082 dixerunt.
1222 2053 1278 2092 (5)
1303 2054 1436 2083 Perduel-

121 2099 214 2133 lionis,
240 2097 303 2129 slve
321 2099 536 2139 perduellionem
550 2100 686 2139 judicare
711 2097 832 2128 dicitur
857 2108 913 2128 reo
939 2098 969 2128 δε
994 2098 1106 2139 judex,
1137 2096 1193 2138 qui
1222 2097 1355 2128 damnat
1379 2098 1433 2139 (ut

124 2143 234 2184 supra,
262 2143 284 2173 l.
317 2153 343 2173 1.
367 2154 392 2174 c.
422 2141 473 2173 26.
504 2143 560 2173 ubi
585 2142 762 2173 Duumviri
788 2143 946 2174 damnant
971 2142 1150 2173 Horatium
1175 2140 1224 2172 his
1251 2141 1372 2179 verbis,
1395 2144 1436 2174 P.

125 2188 248 2225 Horati,
271 2191 323 2219 tihi
341 2190 554 2229 perduellionem
568 2188 682 2229 judico)
709 2188 741 2218 ὃς
757 2188 936 2225 accusator,
952 2187 1008 2228 qui
1026 2187 1179 2229 postulat,
1207 2194 1244 2218 ut
1269 2198 1343 2219 reus
1360 2197 1434 2229 pei·-

125 2232 300 2264 duellionis
314 2234 502 2270 damnetur,
523 2241 560 2264 ut
578 2233 640 2263 hoc
658 2233 742 2270 loco,
767 2233 798 2263 δε
824 2232 938 2264 itidem
963 2233 985 2264 l.
1013 2242 1068 2272 43.
1087 2243 1116 2263 c.
1138 2231 1189 2264 16.
1218 2231 1318 2264 infra.
1379 2232 1436 2275 (6)

127 2279 315 2310 Perduellio
338 2278 547 2320 judicabatur
572 2277 700 2309 comitis
728 2277 930 2314 centuriatis,
953 2288 1023 2319 quae
1040 2277 1193 2309 tribunus
1218 2277 1339 2309 habere
1364 2289 1433 2309 non

127 2331 282 2366 poterae«
313 2324 388 2355 ldeo
405 2334 421 2354 a
441 2330 577 2364 praetore
596 2323 722 2354 urbano
739 2322 826 2354 diem
841 2322 982 2354 comitiis
999 2322 1091 2365 petit.
1137 2321 1293 2354 Similiter
1309 2323 1396 2355 infra
1410 2324 1431 2355 l.

129 2379 184 2410 43.
202 2368 294 2400 c.‘16.
336 2368 470 2409 (7)-Si’c
487 2369 573 2411 adrffi
589 2371 616 2398 in
633 2369 742 2407 confilio
767 2368 868 2400 infra.
886 2368 909 2399 l.
926 2378 982 2407 42.
1004 2379 1034 2400 c.
1054 2378 1070 2406 ,ς
1081 2377 1117 2406 7.·
1168 2367 1235 2398 Alii
1253 2370 1337 2411 “d‘ffi
1352 2371 1434 2411 judi·

124 2419 164 2446 cio
191 2415 362 2452 dederunt,
385 2421 420 2445 ut
439 2415 524 2455 an'ff
537 2416 681 2444 certamini
696 2413 781 2444 infra
799 2414 819 2444 l.
836 2424 890 2451 44.
905 2425 931 2445 c.
950 2424 980 2452 4.
1048 2413 1105 2454 (8)
1129 2414 1242 2457 Qum
1263 2413 1329 2455 jam
1345 2414 1434 2446 ades-

126 2460 185 2498 set,
205 2462 396 2491 adventaret
419 2458 531 2501 judicii
556 2458 634 2489 dies.
683 2460 740 2500 (9)
763 2461 890 2490 Verum
918 2458 1063 2490 exsilium
1089 2470 1124 2489 ac
1143 2457 1336 2500 legitimum,
1359 2468 1433 2491 tan-

127 2516 226 2547 quam
251 2505 271 2536 si
287 2505 410 2546 judicio
427 2503 542 2547 populi
561 2504 721 2535 indiCtum
746 2503 833 2535 effet.
890 2505 965 2535 Hoc
990 2503 1127 2535 comitiis
1144 2503 1279 2535 tributis
1302 2504 1433 2536 decerni

126 2558 271 2593 poterat,
286 2549 306 2580 s1
324 2562 408 2588 τρυε,
424 2549 614 2591 priusquam
631 2550 698 2581 dies
716 2549 924 2581 comitiorum
942 2550 1066 2587 aderat,
1080 2548 1114 2580 in
1131 2548 1278 2580 exsilium
1295 2549 1431 2582 abiisset.

172 2598 212 2627 C.
231 2607 259 2633 4.
285 2598 342 2636 (ι)
367 2598 493 2637 Nempe
511 2596 676 2626 Romanis.
720 2595 775 2634 (2)
800 2596 849 2626 De
865 2595 1003 2626 velitum
1019 2594 1152 2635 quidem
1167 2593 1368 2627 institutione
1379 2595 1434 2627 liic

128 2641 246 2683 agitur.
277 2643 337 2672 Sed
355 2641 440 2680 hasta
459 2643 598 2672 velitarss
616 2639 753 2671 sumitur
768 2639 916 2672 universe
934 2651 995 2681 pro
1012 2638 1100 2671 hassa
1117 2638 1247 2672 missili:
1268 2652 1342 2685 qua:
1360 2640 1433 2683 qui·

127 2688 202 2718 dem
230 2687 264 2718 in
292 2687 347 2718 usu
376 2687 439 2718 suit
464 2688 495 2718 ἃ
512 2693 588 2718 ante
607 2685 770 2717 institutos
787 2685 912 2722 velites,
938 2687 970 2717 §c
994 2684 1064 2727 post
1088 2684 1257 2717 extitistos.
1317 2686 1434 2717 Nullo·

1347 2741 1434 2763 emm
