1834 3099
153 171 235 203 η).
911 161 962 202 T.
995 161 1191 205 LIVII

372 277 555 317 lacessere
578 277 808 330 Romanos,
835 280 921 336 jam
945 279 1014 320 diu
1033 280 1073 319 in
1103 280 1149 319 ea
1179 278 1345 334 regione
1378 288 1565 333 potentes
1606 290 1694 316 ma-

372 336 425 375 ris
445 339 519 389 (9).
544 336 625 390 ipse
643 337 692 377 ab
712 352 760 378 eo
778 339 952 379 concilio
976 340 1111 393 Argos
1128 339 1348 393 regressus:
1372 339 1458 393 jam
1475 337 1584 378 enim
1609 337 1694 374 Ne-

371 407 559 434 meorum
581 401 606 448 †
625 396 839 451 appetebat
874 407 1051 452 tempus,
1088 411 1179 451 quae
1197 399 1288 451 (10)
1311 396 1503 437 celebrari
1530 393 1692 436 volebat

370 452 584 508 praesentia
600 454 681 495 sua.

153 520 249 561 czffls
266 521 324 550 Ro·
427 511 585 552 XXXI.
618 513 834 568 Occupato
838 529 952 584 rege
973 524 1169 569 apparatu
1202 514 1412 566 ludorum,
1446 516 1484 555 &
1509 526 1582 568 per
1603 511 1691 552 dies

147 579 233 633 ”JYM
254 566 353 596 Cm'n·
371 569 493 611 festos
535 571 741 621 licentius,
773 587 898 626 quam
935 574 1039 613 inter
1075 572 1168 613 belli
1206 583 1406 627 tempora
1456 571 1690 612 remittente

146 618 351 695 ZLJJ'Z‘QW’*
371 629 573 680 animum,
617 631 662 671 Ρ.
692 631 914 685 Sulpicius,
946 631 995 671 ab
1017 631 1234 684 Naupafflo
1270 630 1497 685 profectus,
1528 629 1688 670 classem

249 680 255 686 ⁸
369 691 391 738 ss
415 689 571 742 appulit
592 689 697 729 inter
718 689 936 745 Sicyonem
961 694 1001 734 δε
1026 689 1290 738 Corinthum,
1323 703 1550 745 agrumque
1573 687 1690 728 nobi-

368 746 521 788 liffirnae
545 747 762 789 fertilitatis
790 748 915 789 effuse
949 748 1128 789 vastavit.
1191 749 1315 789 Fama
1344 750 1432 804 ejus
1453 748 1511 788 rei
1532 746 1690 801 Philip-

368 819 468 858 pum
490 805 539 845 ab
561 807 667 848 ludis
686 806 832 847 excivit
852 823 861 847 :
891 808 1121 862 raptimque
1144 821 1238 847 cum
1255 807 1438 861 equitatu
1460 804 1689 861 profectus,

363 863 475 918 juffis
493 864 679 920 subsequi
702 866 922 919 peditibus,
955 867 1110 921 palatos
1132 866 1269 920 paffim
1292 881 1364 920 per
1379 880 1498 921 agros
1529 863 1689 919 graves-

368 936 447 975 que
465 924 601 976 praeda
618 928 681 977 (ut
701 924 772 978 qui
794 924 893 964 nihil
915 926 992 964 tale
1010 929 1256 979 metuerent)
1273 926 1438 965 adortus
1456 925 1686 972 Romanos,

367 981 595 1034 compulit
588 996 628 1021 m
647 996 783 1022 naves
846 983 987 1023 Claffis
1006 983 1212 1031 Romana,
1245 983 1563 1037 haudquaquam
1592 982 1685 1022 laeta

365 1040 516 1092 praeda,
550 1039 816 1107 Naupactum
847 1041 979 1081 rediit.
1044 1044 1106 1096 (1)
1136 1041 1327 1096 Philippo
1364 1055 1529 1095 quoque
1566 1041 1683 1080 ludo-

365 1112 478 1148 rum,
507 1098 577 1152 qui
610 1099 758 1153 reliqui
780 1110 910 1147 erant,
942 1098 1219 1140 celebritatem
1253 1112 1600 1154 quantaecunque,
1632 1100 1682 1138 «le

366 1129 567 1197 Ronianis
590 1166 746 1207 tamen,
767 1157 950 1199 victoriae
964 1169 1087 1213 partae
1109 1158 1218 1198 fama
1235 1168 1427 1198 auxerat·
1419 1188 1430 1207 ‚
1463 1158 1684 1211 laetitiaque

365 1215 521 1269 ingenti
542 1215 733 1256 celebrati
747 1216 838 1256 festi
858 1217 969 1258 dies:
1000 1232 1049 1257 eo
1072 1217 1200 1272 magis
1219 1218 1360 1267 etiam,
1393 1216 1522 1271 quod,
1553 1230 1686 1271 popu—

364 1274 502 1314 lariter
538 1275 706 1329 dempto
742 1275 885 1329 capitis
925 1276 1086 1331 insigni,
1125 1276 1403 1331 purpuraque,
1454 1287 1575 1330 atque
1604 1274 1684 1314 alio

364 1332 478 1387 regio
505 1332 662 1382 habitu,
694 1343 924 1388 aequaverat
944 1335 1088 1376 ceteris
1112 1335 1148 1374 se
1170 1335 1211 1374 in
1232 1335 1406 1390 speciem
1427 1350 1437 1374 ε
1469 1349 1551 1389 quo
1580 1333 1683 1373 nihil

140 1391 326 1442 FJSJ'(ippili-
363 1391 518 1446 gratius
553 1391 611 1432 est
643 1391 874 1433 civitatibus
902 1392 1053 1434 liberis.
1114 1393 1430 1447 Praebuiss'etque
1462 1393 1571 1433 haud
1608 1393 1685 1432 du-

141 1444 239 1467 “''²'‘''‘''
364 1450 473 1491 biam
494 1464 544 1491 eo
577 1450 689 1491 facto
712 1451 822 1505 spem
845 1451 1054 1498 libertatis,
1087 1452 1157 1492 nisi
1180 1453 1318 1492 omnia
1351 1451 1606 1492 intoleranda
1634 1450 1685 1490 li-

361 1508 499 1550 bidine
528 1509 640 1549 foeda
662 1524 706 1550 ac
730 1510 930 1550 deformia
962 1510 1165 1552 effeciffet.
1197 1510 1419 1566 vagabatur
1452 1510 1560 1550 enim
1585 1523 1680 1549 cum

363 1582 445 1610 uno
467 1578 536 1608 aut
558 1569 685 1609 altero
703 1569 853 1609 comite
875 1583 948 1623 per
971 1572 1032 1624 (2)
1055 1570 1217 1610 maritas
1245 1571 1390 1610 domos
1413 1569 1498 1610 dies
1519 1567 1682 1609 nottes-

362 1640 470 1680 que:
520 1629 576 1676 δε,
609 1629 670 1681 (3)
694 1626 969 1668 submittendo
1006 1629 1048 1668 in
1089 1629 1293 1683 privatum
1330 1628 1552 1683 fastigium,
1597 1641 1681 1682 quo

361 1682 535 1738 minus†
554 1685 814 1739 conspectus,
845 1700 894 1726 eo
915 1686 1081 1727 solutior
1097 1698 1208 1727 erat:
1243 1692 1283 1728 δι
1307 1687 1533 1727 libertatem
1551 1701 1680 1740 quum

362 1743 449 1784 aliis
471 1758 615 1783 vanam
634 1744 879 1796 ostendisset,
911 1754 1038 1785 totam
1061 1745 1102 1785 in
1129 1746 1240 1786 suam
1263 1745 1470 1785 licentiam
1489 1756 1676 1785 verterat.

360 1802 509 1856 Neque
554 1802 664 1842 enim
701 1804 838 1843 onmia
874 1803 1034 1843 emebat
1056 1814 1125 1844 aut
1145 1803 1468 1854 eblandiebatur,
1501 1802 1566 1843 sed
1595 1803 1679 1843 vim

360 1861 482 1900 etiam
506 1860 668 1915 flagitiis
700 1861 940 1902 adhibebat:
974 1862 1328 1916 periculosumque
1351 1865 1389 1903 ὅ(
1415 1862 1510 1902 viris
1534 1864 1575 1903 ὃ(
1608 1877 1679 1916 pa-

360 1919 541 1961 rentibus
562 1928 661 1970 erat,
693 1933 849 1960 moram
873 1921 1135 1962 incommoda
1158 1920 1367 1962 severitate
1385 1920 1541 1960 libidini
1557 1920 1677 1975 regiae

1528 1978 1678 2020 feciss'e.

359 2123 395 2147 ut
411 2123 548 2158 apparet
565 2127 602 2147 cx
622 2116 784 2153 hocloco,
807 2127 877 2147 eam
908 2115 1084 2147 invaserat.
1130 2116 1188 2156 (9)
1213 2117 1259 2147 lta
1279 2117 1366 2147 Hor.
1398 2115 1417 2146 l.
1439 2126 1469 2148 1.
1499 2116 1565 2147 od.
1592 2126 1625 2156 5.
1640 2127 1676 2150 v.

362 2173 413 2200 15.
462 2163 630 2204 Squendsſji*
640 2165 746 2204 potenti
766 2163 932 2203 Vssimcnta
943 2166 1036 2192 maris
1053 2165 1109 2192 deo.
1156 2162 1222 2193 Od.
1238 2171 1270 2200 3.
1290 2172 1323 2194 v.
1348 2172 1376 2192 1.
1394 2163 1441 2192 Sic
1457 2170 1483 2192 te
1496 2166 1566 2193 diva
1577 2171 1676 2204 pola-'s

361 2210 461 2249 Cypri.
486 2211 598 2239 Carm.
615 2210 646 2238 S.
666 2218 698 2238 v.
722 2218 751 2238 Ι.
769 2209 1072 2250 ſslvarquuepotuns
1102 2209 1214 2238 Diana.
1259 2208 1339 2250 (10)
1363 2210 1469 2249 Supra
1484 2207 1504 2238 l.
1518 2219 1549 2247 5.
1566 2219 1596 2241 c.
1618 2218 1671 2239 11.

347 2256 499 2295 frequenti
518 2267 569 2295 que
585 2253 699 2284 mband
708 2255 778 2283 celeb
785 2266 853 2284 rare
868 2257 999 2285 achones.

403 2318 439 2348 C.
457 2326 510 2356 31.
524 2314 580 2357 (ι)
606 2319 702 2348 Fama
718 2316 876 2353 victoria
899 2327 964 2347 non
983 2314 1116 2356 quidem
1134 2325 1267 2356 magne,
1290 2323 1412 2354 tamen,
1434 2317 1524 2357 quoi
1541 2317 1582 2348 de
1605 2319 1658 2348 Ro

356 2362 458 2393 manis
485 2371 580 2403 parta
595 2370 676 2398 erat,
699 2362 771 2393 satis
789 2362 896 2399 clarae,
919 2361 1143 2393 celebritatem
1171 2362 1310 2396 dicrum,
1335 2360 1392 2402 qui
1425 2361 1512 2392 ludis
1542 2363 1673 2404 supere-

358 2417 442 2444 rant,
465 2417 599 2440 auxerat
617 2408 793 2449 Philipp03
817 2407 872 2448 qui
902 2408 1025 2448 majore
1058 2407 1101 2437 ob
1134 2417 1258 2437 novum
1276 2406 1338 2437 hoc
1356 2407 1454 2438 decus
1471 2418 1546 2438 cum
1568 2407 1671 2449 gloria*

356 2452 418 2483 illis
436 2453 572 2494 praefuit.
618 2455 666 2485 Eo
682 2453 773 2485 sensu
790 2461 882 2483 tamen
899 2453 942 2483 est
956 2453 1050 2494 supra
1066 2452 1088 2482 l.
1109 2462 1139 2483 2.
1159 2463 1184 2482 c.
1203 2461 1255 2490 24.
1280 2454 1487 2483 Deliberationi
1499 2455 1530 2483 de
1545 2452 1672 2483 maximi

355 2501 460 2537 quidem
474 2500 538 2536 illi,
555 2501 608 2542 ſsd
618 2506 712 2530 tamen
726 2507 813 2541 pxzrle
828 2502 970 2533 civitatis,
993 2506 1091 2528 metum
1107 2506 1164 2540 pro
1181 2498 1315 2538 universa'
1330 2497 1470 2539 republica*
1493 2499 1675 2542 intervenisse.

355 2544 412 2581 (¹2)
431 2545 476 2574 Ita
490 2551 563 2575 torus
580 2548 698 2575 maritus
717 2544 760 2575 est
787 2545 875 2586 apud
901 2543 1000 2574 Ovld.
1020 2543 1040 2574 l.
1072 2552 1104 2574 2.
1134 2544 1196 2584 Ep.
1216 2543 1296 2574 Her.
1315 2553 1347 2573 v.
1367 2553 1421 2579 41-
1443 2545 1519 2584 Lege·
1536 2545 1671 2575 Mm'ta‘.

358 2589 441 2619 Hor.
459 2591 565 2620 Carni.
582 2592 648 2621 Sec.
665 2601 698 2621 v.
718 2599 769 2622 20.
816 2590 870 2632 (3)
896 2588 1151 2629 Submittendoss
1171 2587 1227 2619 fast
1239 2587 1328 2630 glum
1345 2587 1448 2626 suum,
1460 2588 1522 2620 live
1535 2589 1673 2632 regium,

1639 2646 1674 2667 m
