1834 3099
139 503 241 577 T.
304 504 630 580 LIVH
690 499 1248 577 PATAVIN
1265 503 1305 577 Ι

276 781 479 829 LIBER
514 779 1190 846 V1GESIMUSASEXTUS.

87 1333 120 1374 Ι.
153 1294 277 1373 CN.
301 1331 470 1373 Fulvius
500 1332 790 1382 Centumalus,
830 1331 878 1372 P.
902 1332 1108 1387 Sulpicius
1133 1332 1265 1373 Galba
1298 1347 1396 1373 con·
1418 1322 1458 1354 U.
1476 1331 1595 1362 0⁵4¹·

86 1392 206 1442 sules,
241 1405 368 1445 quum
391 1390 525 1431 idibus
557 1391 725 1432 Martiis
746 1390 1025 1445 magistratum
1049 1390 1221 1440 inissent,
1255 1391 1394 1431 senatu

85 1450 127 1490 in
150 1449 401 1504 Capitolium
433 1458 594 1500 vocato,
625 1450 675 1489 de
707 1449 931 1503 republica,
963 1450 1013 1489 de
1046 1449 1393 1489 administratione

85 1507 196 1556 belli,
228 1509 278 1548 de
311 1507 531 1562 provinciis
560 1507 884 1561 exercitibusque
916 1507 1056 1547 Patres
1088 1507 1391 1550 consuluerunt.

89 1566 145 1622 Q.
165 1566 326 1617 Fulvio,
361 1566 441 1620 Ap.
466 1566 659 1615 Claudio,
692 1566 836 1620 prioris
859 1566 955 1605 anni
975 1565 1223 1615 consulibus,
1256 1580 1396 1620 proro-

88 1634 229 1680 gatum
262 1624 478 1678 imperium
514 1623 601 1673 est;
634 1634 755 1678 atque
786 1623 1004 1675 exercitus,
1036 1638 1138 1678 quos
1177 1623 1396 1673 habebant,

90 1682 257 1723 decreti.
281 1682 590 1738 adjefiumque,
622 1697 672 1722 ne
696 1698 717 1722 a
735 1682 892 1737 Capua,
914 1697 1037 1736 quam
1058 1681 1308 1732 obsidebant,
1330 1683 1398 1723 ab-

91 1741 316 1791 scederent,
348 1741 581 1795 priusquam
605 1741 909 1796 expugnassent.
971 1741 1028 1781 Ea
1051 1751 1139 1781 tum
1161 1755 1257 1782 cura
1286 1755 1399 1782 max-

93 1798 172 1839 ime
194 1799 374 1839 intentos
394 1799 567 1840 habebat
591 1800 804 1840 Romanos
824 1815 833 1839 ε
864 1813 947 1840 non
978 1802 1038 1852 (1)
1061 1800 1110 1840 ab
1132 1799 1189 1839 ira
1221 1810 1398 1847 tantum,

94 1872 186 1912 qeae
226 1857 267 1898 in
301 1858 457 1897 nullam
493 1872 676 1911 unquam
713 1859 918 1899 civitatem
948 1858 1094 1913 justior
1130 1857 1225 1906 fuit,
1273 1856 1400 1911 quam

95 1913 208 1970 quod
245 1915 341 1956 urbs
373 1926 457 1956 tam
489 1915 636 1956 nobilis
670 1931 714 1956 ac
738 1926 898 1971 potens,
930 1917 1029 1957 ficut
1061 1915 1293 1956 defectione
1331 1915 1400 1955 sua

97 1984 271 2014 traxerat
303 1974 457 2028 aliquot
490 1976 677 2029 populos,
711 1976 764 2015 ita
797 1984 958 2029 recepta
990 1975 1233 2014 inclinatura
1263 1972 1406 2014 rursus‘

97 2032 255 2072 animos
291 2032 503 2073 videbatur
539 2034 588 2073 ad
639 2034 784 2073 veteris
836 2033 996 2087 imperii
1045 2032 1288 2086 respectum.
1350 2031 1402 2072 Et

99 2089 340 2145 praetoribus
363 2093 422 2145 (2)
444 2090 589 2145 prioris
609 2092 720 2140 anni,
743 2091 805 2131 M.
821 2091 947 2144 Junio
970 2091 1011 2130 in
1027 2090 1206 2142 Etruria,
1224 2090 1269 2131 P.
1286 2089 1404 2131 Sem-

99 2149 244 2203 pronio
264 2148 304 2188 in
324 2149 480 2197 Gallia,
501 2164 596 2189 curn
619 2149 724 2190 binis
748 2149 993 2205 legionibus,
1026 2163 1128 2203 quas
1159 2148 1404 2198 habuerant,

100 2217 364 2261 prorogatum
386 2207 442 2247 est
464 2207 695 2261 imperium.
729 2220 992 2262 prorogatum
1023 2211 1060 2248 8<
1087 2208 1152 2248 M.
1186 2207 1404 2255 Marcello,

102 2274 145 2304 ut
179 2279 253 2319 pro
287 2265 450 2305 consule
484 2266 526 2305 iu
559 2265 694 2307 Sicilia
723 2266 875 2320 reliqua
906 2269 968 2320 (3)
983 2265 1077 2306 belli
1108 2263 1322 2319 perficeret
1355 2278 1404 2304 eo

1207 2322 1405 2371 exercitu,

148 2442 185 2472 C.
206 2454 234 2473 ι.
253 2441 309 2482 (1)
323 2439 398 2471 Vid.
414 2442 426 2480 ‡
441 2443 475 2472 ab
493 2452 554 2483 pro
573 2449 705 2484 profiter.
754 2443 804 2473 De
822 2441 988 2473 locutione
1005 2439 1241 2483 tantzlm...qu3m
1266 2451 1328 2482 pro
1343 2447 1407 2470 iare-

102 2495 159 2519 tum
175 2494 339 2528 ..quantmn,
364 2487 434 2517 vid.
452 2495 521 2518 not·
542 2499 571 2524 4.
588 2489 627 2517 ad
647 2498 673 2518 c.
693 2497 729 2527 31
766 2487 784 2517 l.
805 2497 860 2526 25·
880 2488 985 2528 supra.
1055 2488 1110 2527 (2)
1136 2489 1184 2517 Ex
1201 2486 1249 2517 his
1267 2488 1302 2516 P.
1320 2488 1407 2516 Sem-

107 2532 244 2574 pronius
277 2543 344 2562 non
370 2543 457 2563 anno
485 2532 597 2574 priore
622 2542 742 2573 praetor
775 2534 892 2569 suerat,
916 2533 968 2563 led
986 2532 1126 2563 Galliam
1145 2539 1322 2573 prorogato
1349 2530 1393 2561 im

108 2577 210 2619 perio,
245 2585 430 2618 propraetor
455 2577 656 2609 obtinuerat.
721 2579 782 2608 Sed
806 2579 884 2619 saepe
909 2577 1025 2608 Livius
1045 2585 1183 2619 praefores
1204 2584 1312 2614 vocat,
1349 2575 1406 2616 qui

102 2631 159 2665 pro
178 2625 350 2665 proetorihus
368 2631 474 2655 erant.
501 2623 577 2654 vid.
594 2632 660 2653 not.
680 2633 706 2654 1.
724 2624 765 2654 ad
782 2634 810 2654 c.
826 2633 877 2660 40.
894 2623 917 2654 l.
940 2633 990 2663 23.
1012 2624 1040 2653 δε
1060 2631 1128 2653 not.
1158 2634 1184 2654 1.
1201 2623 1241 2653 ad
1259 2633 1286 2653 c.
1312 2630 1367 2659 40.
1387 2621 1409 2652 l.

111 2677 162 2705 24-
182 2667 292 2709 supra.
354 2670 408 2710 (3)
451 2668 500 2700 Sic
529 2668 628 2710 supra
653 2669 675 2701 l.
694 2678 726 2710 9.
751 2679 781 2699 c.
801 2671 849 2699 If).
871 2677 926 2711 ⁴sm·
941 2670 1055 2710 coss-:les
1079 2670 1187 2710 reliqna
1210 2667 1278 2699 belli
1297 2668 1408 2709 perfec-

744 2715 769 2744 B
796 2723 813 2747 ι,
1360 2719 1407 2742 ια.

1415 1370 1460 1399 A.
1481 1370 1518 1400 C.
1547 1376 1621 1399 211.

1417 1416 1478 1445 Cn.
1495 1412 1624 1450 Fulvio,

1416 1460 1452 1490 P.
1473 1458 1622 1500 Sulpicio

1416 1503 1506 1535 Coss.

1418 1550 1585 1580 Provincia*

1417 1602 1442 1625 et
1460 1597 1611 1625 exercitus.
