1834 3099
362 162 399 206 L
422 166 439 209 I
459 165 492 206 Β
517 164 550 206 Ε
572 164 613 206 R
675 161 837 206 XXIX.
900 161 936 204 C
960 161 997 203 A
1021 161 1067 203 P.
1129 159 1312 203 XXXII.
1644 165 1722 208 261

161 279 358 337 quaginta
376 281 487 323 haud
510 282 689 338 amplius
724 279 931 336 equitibus
954 295 1026 335 per
1057 286 1072 332 Η
1099 279 1322 320 amfractus
1346 277 1499 321 montis

161 339 326 396 ignotos
349 340 613 396 sequentibus
632 341 669 382 se
692 344 755 396 (3)
779 341 942 394 eripuit.
1007 339 1239 394 (4)Tenuit
1253 349 1391 379 tamen
1408 336 1495 378 ves-

159 399 258 455 tigia
292 400 504 442 Bocchar:
534 400 785 456 adeptusque
827 413 923 439 eum
963 397 1197 453 patentibus
1233 411 1361 452 prope
1394 397 1496 438 Clu-

157 471 277 512 peam
292 459 435 500 urbem
458 460 629 516 campis,
661 458 716 498 ita
740 458 1026 507 circumvenit,
1059 467 1120 507 ut,
1152 467 1299 512 praeter
1316 466 1495 510 quatuor

156 517 335 572 equites,
367 534 512 560 omnes
541 520 591 559 ad
616 532 745 558 unum
766 516 1029 557 interficeret.
1052 531 1149 557 cum
1171 515 1219 556 iis
1240 515 1372 570 ipsum
1390 530 1496 569 quo-

156 590 237 630 que
260 576 509 618 Mafiniffam
532 577 714 618 saucium
747 575 873 630 prope
891 590 912 615 e
939 581 953 626 Ι]
981 575 1172 615 manibus
1209 574 1316 614 inter
1339 575 1495 614 tumul-

157 644 248 675 tum
270 636 414 678 amifit.
475 637 524 677 In
548 635 771 690 conspe&u
790 646 904 674 erant
934 634 1139 689 fugientes
1159 650 1173 682 ·‚
1205 634 1266 673 ala
1289 633 1494 687 equitum,

156 693 332 750 dispersa
355 705 442 736 toto
464 710 626 750 campo,
660 693 919 748 quibusdam,
953 704 997 732 ut
1014 703 1295 741 occurrerent,
1327 706 1400 746 per
1421 690 1496 731 ob-

154 752 268 808 liqua
290 754 570 804 tendentibus,
602 754 786 808 quinque
809 751 945 792 hostes
969 751 1226 805 sequebatur.
1258 750 1392 791 amnis
1432 750 1495 790 in-

154 822 256 868 gene
272 812 478 869 fugientes
500 814 676 867 accepit,
709 815 860 866 (neque
882 810 993 851 enim
1021 809 1283 859 cunetanter,
1304 809 1359 849 'ut
1388 817 1494 863 quos

152 872 287 927 major
308 883 443 913 metus
465 883 646 928 urgeret,
680 871 931 911 immiserant
945 874 1090 924 equos)
1108 869 1296 923 raptique
1312 867 1492 924 gurgite,
1510 887 1700 927 JrfilitMa-

154 932 196 972 &
216 930 258 971 in
279 930 496 986 obliquum
513 937 538 985 †
559 931 715 986 praelati
732 933 807 985 (ς).
825 929 987 970 duobus
1010 929 1051 969 in
1069 927 1294 983 conspectu
1311 924 1598 975 hostiumfihtffa
1612 936 1706 977 instu-

150 985 194 1028 in
211 991 488 1045 praerapidum
511 990 718 1047 gurgitem
740 989 911 1040 haustis,
944 987 1027 1043 ipse
1054 987 1210 1042 periifl'e
1232 987 1426 1029 creditus.
1450 997 1490 1027 at
1508 981 1601 1017 ‘vim’
1622 982 1692 1011 ’Μ’

151 1049 236 1089 duo
257 1048 405 1104 reliqui
428 1050 587 1104 equites
625 1063 721 1090 cum
743 1063 793 1089 eo
826 1048 931 1088 inter
954 1048 1129 1102 virgulta
1164 1045 1370 1086 ulterioris
1390 1046 1490 1102 ripae
1508 1028 1685 1114 Z'ssfgssft‘ihm

152 1107 420 1150 emerserunt.
483 1109 523 1149 Is
546 1107 639 1150 finis
661 1108 862 1148 Bocchari
885 1106 1079 1160 sequendi
1105 1105 1199 1152 fuit,
1231 1119 1307 1146 nec
1330 1105 1490 1162 ingredi

152 1164 308 1208 flumen
326 1167 439 1219 aus0,
471 1182 547 1209 nec
568 1167 722 1209 habere
755 1166 938 1208 credenti
961 1164 1122 1221 sejam,
1155 1178 1280 1218 quem
1302 1163 1490 1218 sequere-

151 1234 231 1267 tur.
294 1226 396 1267 In‘le
412 1233 437 1280 †
455 1241 584 1268 vanus
601 1232 627 1280 †
644 1225 792 1267 audior
814 1224 1018 1279 absumpti
1033 1223 1248 1264 Mafiniffae
1267 1224 1318 1264 ad
1348 1237 1489 1279 regem

150 1284 298 1335 rediit3
333 1286 533 1341 missique,
549 1286 619 1340 qui
644 1284 941 1340 Karthaginem
955 1283 1154 1339 gaudium
1177 1283 1492 1338 ingensjiunci-

151 1353 296 1385 arent:
328 1354 496 1400 totaque
523 1344 666 1386 Africa
698 1343 810 1385 fama
832 1344 976 1383 mortis
1006 1342 1219 1382 Mafiniffae
1249 1342 1313 1396 (6)
1334 1343 1490 1396 repleta
1679 1385 1691 1395 Δ

149 1401 260 1443 varie
279 1403 438 1445 animos
462 1403 613 1445 affecit.
677 1402 879 1445 Masinissa
895 1402 936 1442 in
953 1401 1143 1456 spelunca
1158 1401 1335 1450 occulta,
1358 1415 1488 1456 quum
1507 1386 1720 1464 Z'ffflzzjffss

148 1460 288 1504 herbis
321 1473 485 1503 curaret
520 1464 685 1512 vulnus,
733 1463 912 1503 duorum
948 1460 1136 1515 equitum
1172 1459 1388 1501 latrocinio
1417 1474 1490 1514 per
1508 1486 1602 1511 mat,
1689 1447 1696 1464 ³

151 1520 238 1562 dies
280 1521 439 1576 aliquot
470 1521 585 1563 vixit.
628 1521 698 1563 ubi
721 1521 905 1577 primum
940 1518 1067 1560 dueta
1103 1519 1290 1570 cicatriX,
1322 1519 1491 1574 patique

149 1579 258 1636 poffe
300 1580 382 1622 visa
407 1586 423 1633 Η
456 1581 743 1638 jactationem,
776 1579 947 1621 audacia
983 1577 1141 1634 ingenti
1177 1577 1311 1633 pergit
1346 1577 1404 1618 ire
1440 1578 1492 1618 ad

149 1653 327 1696 regnum
365 1641 669 1696 repetendum:
699 1653 837 1694 atque,
871 1639 913 1679 in
946 1637 1032 1692 ipso
1072 1637 1217 1678 itinere
1254 1636 1366 1677 haud
1397 1637 1493 1691 plus

151 1699 423 1755 quadraginta
436 1699 645 1755 equitibus
667 1698 868 1749 concitis,
901 1711 1030 1752 quum
1048 1696 1089 1736 in
1110 1695 1322 1752 Maffylos,
1354 1695 1491 1750 palam

143 1757 234 1814 jam
257 1759 350 1813 quis
372 1759 469 1800 effet
497 1758 650 1811 ferens,
681 1758 866 1807 venisset,
899 1767 1060 1798 tanturn
1085 1766 1246 1796 motum
1269 1768 1400 1810 quum
1429 1754 1492 1795 fa-

150 1831 247 1859 vore
268 1817 456 1873 pristino,
488 1827 578 1858 tum
609 1818 762 1874 gaudio
790 1817 1007 1871 insperato,
1041 1813 1171 1868 quod,
1201 1828 1325 1868 quem
1348 1813 1490 1868 periffe

154 1877 429 1927 crediderant,
461 1877 714 1918 incolumem
731 1876 968 1924 cernebant,
1000 1873 1114 1922 fecit,
1147 1883 1193 1913 ut
1214 1874 1319 1912 intra
1335 1887 1490 1931 paucos

150 1935 237 1977 dies
254 1935 321 1976 sex
345 1936 472 1976 millia
495 1936 683 1991 peditum
705 1945 974 1982 armatorum,
1007 1941 1185 1987 quatuor
1201 1931 1405 1986 equitum,
1438 1932 1490 1971 ad

150 2008 247 2035 eum
283 1995 575 2036 convenirent:
602 1996 773 2051 jamque
810 2008 894 2034 non
927 1992 970 2032 in
1007 1990 1240 2046 poffeffione
1271 1989 1396 2031 modo
1419 2005 1492 2045 pa-

151 2053 258 2094 terni
280 2054 396 2109 regni
418 2054 529 2104 effer,
562 2053 628 2094 sed
650 2053 774 2094 etiam
788 2051 917 2093 socios
932 2049 1335 2105 Karthaginiensium
1359 2063 1491 2104 popu-

150 2113 212 2153 los
230 2112 627 2170 Masaesylorumque
647 2111 749 2153 fines
767 2111 827 2167 (id
849 2108 1049 2167 Syphacis
1079 2122 1254 2164 regnum
1277 2113 1382 2165 erat)
1405 2108 1491 2149 vas-

153 2179 271 2213 taret.
295 2171 406 2222 inde,
439 2171 598 2212 irritato
620 2172 670 2212 ad
692 2170 847 2211 bellum
859 2168 1063 2225 Syphace,
1081 2167 1188 2208 inter
1209 2167 1367 2208 Cirtam
1383 2167 1494 2222 Hip-

151 2244 386 2285 ponemque
419 2231 462 2271 in
489 2231 601 2288 jugis
641 2240 972 2286 opportunorum
1016 2228 1068 2268 ad
1097 2226 1237 2266 omnia
1280 2226 1492 2267 montium

156 2289 355 2331 consedit.

153 2426 211 2468 (3)
226 2428 334 2470 Suprh
346 2425 370 2457 l·
391 2435 422 2457 1.
437 2435 580 2465 c.14.non
598 2433 688 2458 tamen
704 2426 869 2469 eripuerese
879 2423 962 2464 hosti.
1007 2421 1063 2465 (4)
1083 2422 1186 2466 Qod
1204 2419 1283 2454 aIIbi
1300 2420 1496 2463 dixitssvesti-

150 2475 311 2516 gnisfiqui.
358 2473 510 2515 Str-ingere
519 2473 656 2517 vestigia.
674 2471 774 2504 Ovid.
820 2473 879 2511 (5)
896 2472 1018 2503 Praeter
1037 2468 1143 2510 ripam
1156 2467 1226 2506 lati,
1248 2478 1351 2509 quum
1367 2468 1497 2499 dirce-”to

155 2519 227 2550 nisu
263 2528 396 2551 tranare
425 2528 599 2560 cuperent.
645 2519 699 2562 (6)
719 2517 855 2557 Refectfi
886 2526 969 2548 voce
999 2517 1120 2558 repleta,
1151 2513 1268 2545 melitzs
1299 2514 1496 2556 procederet

156 2564 286 2596 oratio:
313 2564 427 2608 totb'que
457 2564 579 2607 Africcf,
604 2564 627 2597 i.
647 2577 682 2598 e..
701 2575 760 2609 per
777 2571 884 2596 totam
911 2561 1078 2599 Africam,
1101 2562 1193 2602 fam-z
1211 2563 1309 2591 mortis
1335 2560 1454 2604 Mry'im‘
1477 2572 1498 2589 ae

155 2612 244 2645 'rarae‘
255 2614 361 2643 animos
375 2626 391 2642 a
418 2614 478 2642 ecit.

386 2613 425 2656 ff
1057 2667 1263 2712 XXXIII.
1288 2667 1496 2726 Majorern
