1834 3099
476 183 717 225 LIBER
765 180 928 224 XXVI.
984 181 1126 224 CAP.
1175 181 1228 224 X.

162 295 256 347 bus,
292 298 452 354 supinas
505 315 652 342 manus
691 299 743 340 ad
788 299 941 340 coelum
991 314 1037 339 ac
1084 299 1198 339 Deos
1234 299 1462 347 tendentes,

162 356 418 412 orantesque,
440 368 485 398 ut
512 359 653 400 urbem
675 359 908 399 Romanam
929 371 951 397 e
982 357 1168 397 manibus
1188 357 1364 397 hostium
1386 358 1464 396 eri-

162 424 336 468 perent;
369 417 594 472 matresque
625 418 837 457 Romanas
869 418 910 457 &
947 415 1094 456 liberos
1116 429 1258 469 parvos
1296 415 1465 455 inviola-

163 485 226 512 tos
248 472 461 515 servarent.
521 476 696 517 Senatus
716 473 1014 530 magistratibus
1036 474 1077 513 in
1106 473 1196 514 foro
1219 472 1363 528 praesto
1392 473 1465 522 est,

164 530 191 570 fi
228 532 327 585 quid
355 534 562 574 consulere
594 534 730 575 velint.
817 532 901 573 Alii
933 532 1140 587 accipiunt
1173 531 1356 586 imperia,
1388 531 1465 570 dis-

162 589 396 645 ceduntque
418 593 468 632 ad
499 592 587 633 suas
617 593 786 647 quisque
820 590 1048 633 officiorum
1083 601 1243 645 partes:
1273 589 1339 629 alii
1367 589 1466 628 offe-

163 658 262 688 runt
293 649 347 701 se,
387 650 413 690 fi
442 648 526 705 quo
558 650 651 691 usus
683 665 817 706 operae
851 650 906 691 [it.
930 649 1111 704 praefidia
1133 649 1175 689 in
1197 662 1303 694 arce,
1325 648 1364 687 in
1387 647 1466 688 Ca-

164 705 323 760 pitolio,
354 708 395 748 in
418 709 562 760 muris,
592 709 698 750 circa
723 709 885 760 urbem,
917 708 959 748 in
981 718 1120 748 monte
1141 707 1264 748 etiam
1300 706 1462 746 Albano

163 774 287 819 atque
325 780 416 807 arce
451 766 643 807 AEsulana
666 779 888 822 ponuntur.
951 767 1062 806 Inter
1092 766 1202 806 hunc
1226 766 1467 812 tumultum,

165 823 220 874 Q.
245 824 435 865 Fulvium
457 826 738 880 proconsulem
761 825 994 881 profei‘tum
1016 840 1111 865 curn
1133 824 1313 865 exercitu
1337 839 1357 862 a
1389 822 1469 863 Ca-

163 882 280 935 pufi‡
296 883 489 933 affertur3
521 884 588 924 cui
606 888 667 939 (3)
688 900 738 925 ne
756 885 1009 925 minueretur
1030 884 1262 936 imperium,
1296 882 1321 922 fi
1345 882 1384 921 in
1403 896 1469 921 ur-

164 938 259 979 bem
295 941 473 990 veniffet,
506 943 688 983 decernit
724 943 899 992 senatus,
931 953 975 982 ut
998 942 1054 994 Q.
1085 943 1228 982 Fulvio
1264 955 1336 995 par
1370 954 1466 980 cum

164 997 398 1040 consulibus
435 1000 652 1055 imperium
688 1003 794 1043 esset.
857 1001 1081 1050 Hannibal,
1113 1000 1299 1040 infestius
1322 1013 1468 1053 perpo-

165 1058 307 1110 pulato
349 1072 446 1114 agro
487 1060 726 1115 Fregellano
746 1070 928 1115 propter
964 1059 1173 1099 intercisos
1207 1071 1364 1113 pontes,
1398 1071 1470 1110 per

163 1115 418 1157 Frusinatem
450 1118 832 1173 Ferentinatemque
867 1122 904 1160 &
943 1118 1210 1172 Anagninum
1243 1130 1387 1171 agrum
1427 1115 1471 1155 in

166 1174 420 1215 Lavicanum
442 1177 565 1219 venit.
598 1178 693 1219 inde
719 1179 868 1233 Algido
884 1176 1190 1232 (4)Tusculum
1220 1175 1361 1230 petiit:
1394 1188 1469 1215 rec

166 1242 354 1287 receptus
388 1235 608 1287 moenibus,
640 1236 746 1276 infra
781 1236 1011 1277 Tusculum
1041 1234 1272 1274 dextrorsus
1313 1233 1471 1275 Gabios

165 1290 386 1332 descendit.
418 1293 512 1334 inde
535 1295 574 1334 in
606 1299 668 1350 (ς)
704 1295 923 1349 Pupiniam
944 1294 1125 1333 exercitu
1159 1292 1342 1341 demisso,
1373 1291 1471 1333 οᾶο

166 1349 295 1389 millia
328 1350 510 1404 paffuum
533 1354 582 1394 ab
605 1354 743 1394 Roma
778 1353 909 1407 posuit
940 1352 1080 1392 castra.
1163 1352 1261 1407 Qo
1298 1348 1468 1405 propius

166 1406 292 1448 hostis
332 1409 563 1460 accedebat,
607 1426 656 1452 eo
704 1413 833 1467 major
874 1411 1005 1452 caedes
1046 1409 1169 1450 fiebat
1207 1409 1472 1465 fugientium,

166 1466 491 1520 praecedentibus
527 1470 751 1518 Numidis;
802 1469 1016 1524 pluresque
1047 1470 1235 1509 omnium
1276 1481 1473 1523 generum

165 1533 288 1578 atque
310 1526 492 1567 aetatium
515 1529 792 1583 capiebantur.

225 1582 279 1624 X.
312 1584 361 1624 In
398 1584 477 1626 hoc
520 1589 701 1628 tumultu
746 1586 914 1627 Fulvius
947 1586 1132 1636 Flaccus,
1163 1586 1280 1640 porta
1309 1584 1476 1639 Capena

170 1655 267 1682 cum
296 1644 478 1684 exercitu
511 1645 693 1687 Romam
728 1645 939 1701 ingreffus,
968 1645 1102 1684 media
1137 1644 1236 1685 urbe
1268 1658 1340 1699 per
1361 1643 1477 1684 Cari-

167 1713 240 1765 nas
261 1703 325 1756 (1)
352 1701 548 1756 Esquilias
580 1704 804 1745 contendit.
840 1704 933 1744 inde
969 1703 1160 1758 egressus,
1193 1703 1299 1744 inter
1332 1701 1476 1756 Esqui-

167 1759 293 1799 imam
334 1759 621 1817 Collinamque
677 1772 838 1818 portam
888 1761 1023 1816 posuit
1079 1761 1220 1803 castra.
1315 1760 1478 1802 AEdiles

166 1816 297 1871 plebis
333 1832 610 1862 commeatum
651 1821 703 1863 εό
743 1829 1068 1876 comportarunt.
1131 1820 1329 1861 Consules
1364 1819 1474 1859 sena-

166 1875 313 1930 tusque
357 1877 398 1917 in
432 1879 559 1920 castra
604 1889 818 1921 venerunt.
862 1879 917 1919 ibi
951 1880 1001 1919 de
1026 1877 1219 1930 nsummss⁴
1265 1877 1473 1932 republica

165 1935 456 1988 consultatum.
537 1939 713 1989 Placuit,
744 1937 929 1979 consules
963 1937 1070 1978 circa
1101 1947 1237 1991 portas
1271 1936 1475 1978 Collinam

167 1991 501 2048 Esquilinamque
534 2011 684 2051 ponere
705 1997 857 2038 castra:
889 1995 938 2036 C.
961 1995 1233 2049 Calpurnium
1254 2004 1474 2050 praetorem

169 2051 370 2091 urbanum
396 2053 753 2109 Capitolioratque
775 2054 856 2095 arci
890 2053 1079 2108 praeefle:
1112 2056 1152 2095 &
1176 2053 1360 2094 senatum
1394 2053 1477 2093 fre-

169 2119 365 2163 quentem
400 2111 442 2151 in
464 2113 555 2162 foro
586 2113 803 2164 contineri,
836 2112 862 2153 si
885 2112 984 2168 quid
1005 2111 1048 2152 in
1068 2120 1153 2152 tam
1185 2111 1325 2154 subitis
1353 2111 1474 2153 rebus

1290 2169 1476 2213 consulto

169 2296 271 2330 manis,
295 2291 464 2337 eprfi‘iſj-‘sr
491 2291 529 2323 δ’
546 2292 691 2334 graviora
708 2296 789 2333 atque
805 2291 963 2333 itm't'gm‘ora
975 2292 1100 2332 quedam
1113 2291 1193 2331 suffla
1209 2288 1370 2332 “ffinxfft‘
1419 2288 1476 2330 (3)

168 2341 221 2372 Ne
242 2340 373 2371 Fulvius
389 2337 546 2368 intrando
571 2337 687 2368 urbem
703 2336 868 2367 amitteret
898 2335 1081 2377 imperandi
1103 2335 1164 2376 jus.
1219 2336 1257 2365 In
1281 2333 1364 2365 urbe
1387 2334 1476 2364 enim

166 2396 231 2427 pro
247 2386 382 2417 consule
399 2393 495 2413 nemo
524 2381 666 2413 habebat
695 2381 882 2423 imperium,
903 2381 958 2412 sed
983 2380 1111 2412 tantum
1134 2387 1226 2411 extra
1249 2380 1373 2410 urbem.
1418 2380 1476 2420 (4)

166 2431 384 2462 'l'ranseundo
413 2439 471 2470 per
496 2427 666 2468 Algidum.
686 2428 747 2467 (5)
769 2426 903 2468 Supple,
927 2425 1061 2457 tribum·
1111 2427 1147 2456 ln
1179 2436 1293 2467 agrum
1321 2423 1471 2466 Pupinia:

165 2475 284 2514 nibus,
306 2476 370 2508 sive
388 2472 625 2515 Pupiniensem.
681 2473 805 2504 Eodem
822 2473 918 2514 plane
934 2472 1033 2503 modo
1052 2471 1123 2503 Val.
1143 2473 1235 2502 Max.
1247 2471 1268 2501 1.
1288 2481 1318 2509 4.
1342 2482 1370 2502 c.
1388 2480 1421 2508 4.
1445 2472 1475 2500 ia

164 2524 266 2564 agello,
287 2535 364 2564 quem
378 2525 405 2552 in
425 2519 549 2561 Papinii
565 2519 697 2550 habebat.

212 2568 250 2599 C.
269 2577 319 2599 ιο.
343 2567 400 2607 (ι)
424 2566 541 2596 Carina
558 2572 651 2596 erant
668 2562 758 2595 vicus
774 2562 809 2594 in
824 2562 907 2594 urbe
924 2559 1040 2600 Roma,
1062 2561 1097 2593 in
1113 2562 1198 2593 valle
1225 2562 1313 2593 inter
1336 2559 1475 2593 Coelium

161 2621 311 2644 montem
329 2614 360 2643 δε
381 2610 550 2652 Esquilias.
611 2609 704 2652 Virg.
723 2609 743 2639 l.
764 2609 793 2640 8.
809 2611 887 2640 AEn.
907 2619 937 2639 V.
958 2608 1036 2646 361.
1059 2615 1188 2639 armenta
1213 2608 1346 2638 videbant
1366 2609 1475 2638 Roma-

169 2671 252 2700 naque
264 2661 336 2700 flro
363 2659 402 2690 {9³
424 2659 512 2689 lautis
536 2658 642 2699 mugire
676 2657 810 2687 Carinis.
873 2655 979 2686 Porro
1009 2652 1153 2696 Esquilias
1178 2655 1322 2688 contendit,
1355 2663 1417 2694 pro
1445 2656 1476 2686 ia

1300 2699 1447 2741 Esquilias
1459 2712 1474 2742 ρ
