1834 3099
209 195 291 237 ¹50

186 1427 228 1459 U.
245 1439 274 1460 c.
292 1439 368 1468 545.

188 1485 217 1504 a.
239 1475 275 1505 C.
298 1484 371 1514 207.

186 1521 243 1549 Res
261 1521 372 1564 Hypa-

487 529 590 606 Τ.
652 531 973 606 LIVII
1039 525 1664 606 PATAVINI

578 866 782 916 LIBER
819 867 1200 918 HGEsIML‘s
1236 861 1576 912 OCTAVUS.

411 1385 442 1427 I.
457 1356 685 1444 QUUM
706 1381 872 1424 transitu
887 1376 1171 1427 Hasdrubalis,
1204 1387 1405 1431 quantum
1427 1379 1468 1420 in
1491 1379 1650 1421 Italiam
1673 1381 1746 1422 de-

414 1445 633 1485 clinaverat
670 1440 782 1487 belli,
814 1449 975 1479 tantum
1008 1437 1226 1491 (qlevatae
1248 1436 1455 1491 Hispaniae
1477 1439 1741 1490 viderentur3

414 1512 603 1543 renatum
626 1500 679 1541 ibi
704 1498 840 1540 subito
873 1511 945 1551 par
978 1495 1104 1551 priori
1136 1494 1289 1535 bellum
1313 1495 1383 1536 est.
1445 1496 1665 1552 Hispanias
1692 1500 1740 1539 ea

412 1560 650 1616 tempestate
674 1559 724 1599 fic
755 1555 959 1597 habebant
992 1553 1175 1595 Romani
1208 1553 1425 1607 Poenique.
1487 1556 1740 1609 Hasdrubal,

415 1619 610 1676 Gisgonis
644 1617 768 1666 filius,
801 1616 851 1655 ad
884 1627 1085 1655 oceanum
1121 1612 1285 1666 penitus
1320 1612 1540 1669 Gadesque
1574 1616 1738 1657 conces-

413 1677 530 1719 serat.
592 1674 733 1716 Nostri
762 1673 885 1721 maris
915 1687 985 1712 ora
1017 1671 1230 1725 omnisque
1258 1671 1387 1712 ferme
1410 1673 1626 1728 Hispania,
1658 1676 1741 1729 qua

412 1736 454 1776 in
477 1736 676 1777 orientem
699 1732 846 1788 vergit,
877 1730 1082 1785 Scipionis
1119 1744 1164 1770 ac
1198 1729 1402 1772 Romanae
1422 1729 1604 1775 >ditionis
1636 1743 1736 1774 erat.

412 1795 558 1835 Novus
587 1794 808 1848 imperator
829 1790 1001 1839 Hanno,
1034 1789 1236 1828 inlocum
1271 1789 1438 1830 Barcini
1467 1790 1737 1845 Hasdrubalis

411 1867 518 1893 novo
554 1866 650 1893 curn
683 1849 864 1891 exercitu
902 1862 951 1888 ex
990 1845 1134 1888 Africa
1170 1846 1448 1902 transgressus,
1479 1849 1737 1904 Magonique

405 1910 594 1967 juniius,
628 1923 757 1964 quum
778 1907 820 1947 in
843 1905 1077 1954 Celtiberia,
1110 1919 1202 1959 quae
1228 1905 1362 1946 media
1384 1905 1490 1946 inter
1503 1908 1585 1949 duo
1608 1905 1736 1949 maria

408 1969 484 2021 est,
516 1968 627 2010 brevi
649 1979 844 2022 magnum
866 1965 1084 2005 hominum
1106 1977 1326 2004 numerum
1348 1965 1562 2015 armasset3
1594 1965 1736 2021 Scipio

409 2027 602 2069 adversus
617 2041 713 2068 eum
735 2026 798 2066 M.
817 2024 1004 2065 Silanum
1025 2036 1120 2063 curn
1142 2023 1286 2063 decem
1307 2022 1419 2069 haud
1440 2024 1533 2078 plus
1553 2024 1735 2068 millibus

407 2094 432 2140 †
450 2087 646 2137 militum,
678 2082 884 2139 equitibus
902 2081 1155 2137 quingentis,
1188 2079 1305 2122 mifit.
1366 2081 1549 2134 Silanus,
1570 2084 1735 2138 quantis

183 2159 389 2190 silafidepff-
411 2145 600 2186 maximis
635 2143 770 2198 potuit
803 2140 1032 2188 itineribus,
1064 2139 1359 2194 (impediebant
1380 2150 1518 2181 autem
1543 2144 1581 2182 &
1621 2142 1734 2198 aspe-

180 2205 392 2260 nistspmris-
410 2205 548 2244 ritates
583 2203 761 2254 viarum,
796 2203 833 2240 8:
859 2199 1053 2254 angustiae
1082 2197 1247 2240 saltibus
1268 2197 1434 2249 crebris,
1466 2209 1512 2240 ut
1539 2201 1734 2256 pleraque

182 2256 389 2291 qu‘wfiwm·
409 2262 622 2317 Hispaniae
653 2261 761 2310 sunt,
792 2258 977 2311 inclusae)
997 2266 1133 2297 tamen
1164 2271 1249 2297 non
1277 2256 1409 2298 solum
1441 2258 1629 2309 nuncios,
1662 2259 1731 2300 sed

408 2321 532 2362 etiam
556 2319 710 2362 famam
733 2314 931 2359 adventus
949 2315 1007 2356 sui
1025 2316 1277 2370 praegressus,
1307 2315 1480 2358 ducibus
1506 2322 1523 2369 ΙΙ
1547 2318 1731 2358 indidem

408 2394 458 2420 ex
500 2377 723 2420 Celtiberia
757 2374 997 2430 transfugis,
1029 2375 1079 2414 ad
1114 2373 1272 2415 hostem
1306 2375 1506 2429 pervenit.
1565 2375 1730 2417 Eisdem

408 2436 647 2480 :meroribus
679 2445 938 2491 compertum
959 2432 1031 2483 est,
1063 2446 1193 2486 quum
1230 2433 1373 2473 decem
1404 2432 1566 2474 circiter
1599 2434 1728 2475 millia

1672 2491 1725 2534 ab

452 2614 492 2645 C.
513 2623 540 2645 ι.
560 2613 618 2654 (1)
639 2610 854 2643 Transsatioa
867 2611 959 2642 lance
976 2609 1118 2651 sumpta.
1165 2609 1321 2640 Dulinare
1346 2612 1375 2640 in
1391 2610 1526 2648 Italiam,
1547 2619 1667 2652 nempe
1682 2609 1725 2642 ab

405 2658 573 2700 Hispaniis
590 2658 705 2689 eodem
724 2657 824 2688 modo
838 2656 965 2688 diti’tum
980 2655 1033 2693 est,
1056 2664 1123 2695 quo
1148 2657 1267 2686 avolare
1279 2656 1409 2692 Romam,
1431 2655 1464 2686 ὃ(
1481 2654 1604 2687 similia.
1643 2654 1722 2687 Vid-

403 2712 472 2737 not.
486 2714 515 2737 ι.
532 2704 571 2737 ad
586 2713 613 2736 c.
632 2702 716 2744 29.1.
733 2711 789 2742 27.
806 2702 915 2745 supra.
964 2702 1118 2732 Declinare
1132 2703 1173 2731 ad
1185 2701 1297 2743 aliquid
1307 2699 1388 2733 dixit
1406 2700 1505 2744 supra
1522 2700 1541 2732 Ι.
1561 2710 1617 2735 21.
1630 2710 1725 2777 5'{².'

409 2760 411 2762 ’
1633 2756 1667 2778 ιη
1684 2757 1721 2779 ra
