<?xml version="1.0" encoding="UTF-8"?>
<!DOCTYPE html PUBLIC "-//W3C//DTD XHTML 1.0 Transitional//EN"
    "http://www.w3.org/TR/xhtml1/DTD/xhtml1-transitional.dtd">
<html xmlns="http://www.w3.org/1999/xhtml" xml:lang="en" lang="en">
 <head>
  <title>
</title>
<meta http-equiv="Content-Type" content="text/html;charset=utf-8" />
  <meta name='ocr-system' content='tesseract 3.04.00' />
  <meta name='ocr-capabilities' content='ocr_page ocr_carea ocr_par ocr_line ocrx_word'/>
</head>
<body>
  <div class='ocr_page' id='page_1' title='image "./historiaeromanae02livyuoft_0662.png"; bbox 0 0 1834 3099; ppageno 0'>
   <div class='ocr_carea' id='block_1_1' title="bbox 130 147 260 197">
    <p class='ocr_par' dir='ltr' id='par_1_1' title="bbox 130 147 260 197">
     <span class='ocr_line' id='line_1_1' title="bbox 130 147 260 197; baseline -0.008 -9"><span class='ocrx_word' id='word_1_1' title='bbox 130 147 216 197; x_wconf 75' lang='lat'>264</span> <span class='ocrx_word' id='word_1_2' title='bbox 255 177 260 181; x_wconf 23' lang='grc' dir='ltr'><strong>Α</strong></span> 
     </span>
    </p>
   </div>
   <div class='ocr_carea' id='block_1_2' title="bbox 128 2097 321 2186">
    <p class='ocr_par' dir='ltr' id='par_1_2' title="bbox 128 2097 321 2186">
     <span class='ocr_line' id='line_1_2' title="bbox 131 2097 321 2139; baseline 0.005 -14"><span class='ocrx_word' id='word_1_3' title='bbox 131 2097 224 2138; x_wconf 72' lang='lat' dir='ltr'>Scipio</span> <span class='ocrx_word' id='word_1_4' title='bbox 230 2102 321 2139; x_wconf 77' lang='lat' dir='ltr'>popu-</span> 
     </span>
     <span class='ocr_line' id='line_1_3' title="bbox 128 2144 314 2186; baseline 0 -13"><span class='ocrx_word' id='word_1_5' title='bbox 128 2145 209 2173; x_wconf 74' lang='lat' dir='ltr'>latur</span> <span class='ocrx_word' id='word_1_6' title='bbox 224 2144 314 2186; x_wconf 83' lang='lat' dir='ltr'>Afri·</span> 
     </span>
    </p>
   </div>
   <div class='ocr_carea' id='block_1_3' title="bbox 131 2201 201 2219">
    <p class='ocr_par' dir='ltr' id='par_1_3' title="bbox 131 2201 201 2219">
     <span class='ocr_line' id='line_1_4' title="bbox 131 2201 201 2219; baseline 0 0"><span class='ocrx_word' id='word_1_7' title='bbox 131 2201 201 2219; x_wconf 64' lang='lat' dir='ltr'>lom·</span> 
     </span>
    </p>
   </div>
   <div class='ocr_carea' id='block_1_4' title="bbox 866 140 1163 185">
    <p class='ocr_par' dir='ltr' id='par_1_4' title="bbox 866 140 1163 185">
     <span class='ocr_line' id='line_1_5' title="bbox 866 140 1163 185; baseline -0.007 -1"><span class='ocrx_word' id='word_1_8' title='bbox 866 142 922 185; x_wconf 85' lang='lat' dir='ltr'>T.</span> <span class='ocrx_word' id='word_1_9' title='bbox 965 140 1163 185; x_wconf 89' lang='lat' dir='ltr'>LIVII</span> 
     </span>
    </p>
   </div>
   <div class='ocr_carea' id='block_1_5' title="bbox 354 257 1695 2325">
    <p class='ocr_par' dir='ltr' id='par_1_5' title="bbox 354 257 1695 1558">
     <span class='ocr_line' id='line_1_6' title="bbox 358 257 1685 315; baseline -0.003 -12"><span class='ocrx_word' id='word_1_10' title='bbox 358 262 465 304; x_wconf 87' lang='lat' dir='ltr'>ciam</span> <span class='ocrx_word' id='word_1_11' title='bbox 505 261 611 302; x_wconf 90' lang='lat' dir='ltr'>hosti</span> <span class='ocrx_word' id='word_1_12' title='bbox 657 261 830 312; x_wconf 82' lang='lat' dir='ltr'>faceret,</span> <span class='ocrx_word' id='word_1_13' title='bbox 873 261 925 302; x_wconf 84' lang='lat' dir='ltr'>ad</span> <span class='ocrx_word' id='word_1_14' title='bbox 961 259 1262 315; x_wconf 85' lang='lat' dir='ltr'>insequendum</span> <span class='ocrx_word' id='word_1_15' title='bbox 1299 267 1452 300; x_wconf 85' lang='lat' dir='ltr'>temere</span> <span class='ocrx_word' id='word_1_16' title='bbox 1484 257 1685 300; x_wconf 78' lang='lat' dir='ltr'>eliciebat.</span> 
     </span>
     <span class='ocr_line' id='line_1_7' title="bbox 357 316 1688 377; baseline -0.005 -13"><span class='ocrx_word' id='word_1_17' title='bbox 357 320 561 364; x_wconf 91' lang='lat' dir='ltr'>Nondum</span> <span class='ocrx_word' id='word_1_18' title='bbox 581 335 726 362; x_wconf 86' lang='lat' dir='ltr'>omnes</span> <span class='ocrx_word' id='word_1_19' title='bbox 747 319 887 377; x_wconf 78' lang='lat' dir='ltr'>egrefli</span> <span class='ocrx_word' id='word_1_20' title='bbox 914 330 1046 370; x_wconf 82' lang='lat' dir='ltr'>erant,</span> <span class='ocrx_word' id='word_1_21' title='bbox 1077 316 1271 373; x_wconf 78' lang='lat' dir='ltr'>varieque</span> <span class='ocrx_word' id='word_1_22' title='bbox 1304 319 1388 358; x_wconf 89' lang='lat' dir='ltr'>dux</span> <span class='ocrx_word' id='word_1_23' title='bbox 1423 318 1688 374; x_wconf 82' lang='lat' dir='ltr'>fatigabatur,</span> 
     </span>
     <span class='ocr_line' id='line_1_8' title="bbox 358 377 1687 435; baseline -0.003 -14"><span class='ocrx_word' id='word_1_24' title='bbox 358 380 460 422; x_wconf 87' lang='lat' dir='ltr'>alios</span> <span class='ocrx_word' id='word_1_25' title='bbox 498 380 595 421; x_wconf 88' lang='lat' dir='ltr'>vino</span> <span class='ocrx_word' id='word_1_26' title='bbox 620 382 661 422; x_wconf 60' lang='lat' dir='ltr'>a*</span> <span class='ocrx_word' id='word_1_27' title='bbox 691 379 834 420; x_wconf 83' lang='lat' dir='ltr'>somno</span> <span class='ocrx_word' id='word_1_28' title='bbox 861 385 887 433; x_wconf 92' lang='lat'><em>†</em></span> <span class='ocrx_word' id='word_1_29' title='bbox 914 393 1056 435; x_wconf 87' lang='lat' dir='ltr'>graves</span> <span class='ocrx_word' id='word_1_30' title='bbox 1093 392 1207 419; x_wconf 85' lang='lat' dir='ltr'>arma</span> <span class='ocrx_word' id='word_1_31' title='bbox 1241 391 1402 432; x_wconf 81' lang='lat' dir='ltr'>capere,</span> <span class='ocrx_word' id='word_1_32' title='bbox 1447 380 1485 418; x_wconf 87' lang='lat'>&amp;</span> <span class='ocrx_word' id='word_1_33' title='bbox 1525 377 1687 418; x_wconf 83' lang='lat' dir='ltr'>frenare</span> 
     </span>
     <span class='ocr_line' id='line_1_9' title="bbox 359 433 1690 496; baseline -0.004 -15"><span class='ocrx_word' id='word_1_34' title='bbox 359 453 491 494; x_wconf 88' lang='lat' dir='ltr'>equos</span> <span class='ocrx_word' id='word_1_35' title='bbox 523 439 726 496; x_wconf 89' lang='lat' dir='ltr'>cogendo,</span> <span class='ocrx_word' id='word_1_36' title='bbox 759 438 861 488; x_wconf 88' lang='lat' dir='ltr'>aliis,</span> <span class='ocrx_word' id='word_1_37' title='bbox 893 453 945 479; x_wconf 91' lang='lat' dir='ltr'>ne</span> <span class='ocrx_word' id='word_1_38' title='bbox 966 438 1083 494; x_wconf 89' lang='lat' dir='ltr'>sparfi</span> <span class='ocrx_word' id='word_1_39' title='bbox 1106 440 1142 478; x_wconf 85' lang='lat'>&amp;</span> <span class='ocrx_word' id='word_1_40' title='bbox 1169 443 1184 489; x_wconf 82' lang='grc' dir='ltr'>Η</span> <span class='ocrx_word' id='word_1_41' title='bbox 1206 436 1406 478; x_wconf 80' lang='lat' dir='ltr'>inconditi</span> <span class='ocrx_word' id='word_1_42' title='bbox 1429 437 1508 476; x_wconf 87' lang='lat' dir='ltr'>fine</span> <span class='ocrx_word' id='word_1_43' title='bbox 1526 433 1690 487; x_wconf 83' lang='lat' dir='ltr'>ordine,</span> 
     </span>
     <span class='ocr_line' id='line_1_10' title="bbox 357 493 1693 555; baseline -0.004 -16"><span class='ocrx_word' id='word_1_44' title='bbox 357 497 441 539; x_wconf 84' lang='lat' dir='ltr'>fine</span> <span class='ocrx_word' id='word_1_45' title='bbox 462 498 583 555; x_wconf 76' lang='lat' dir='ltr'>signis</span> <span class='ocrx_word' id='word_1_46' title='bbox 603 497 796 539; x_wconf 85' lang='lat' dir='ltr'>omnibus</span> <span class='ocrx_word' id='word_1_47' title='bbox 831 497 961 553; x_wconf 90' lang='lat' dir='ltr'>portis</span> <span class='ocrx_word' id='word_1_48' title='bbox 988 506 1268 547; x_wconf 84' lang='lat' dir='ltr'>excurrerent,</span> <span class='ocrx_word' id='word_1_49' title='bbox 1298 495 1539 537; x_wconf 82' lang='lat' dir='ltr'>obfistendo.</span> <span class='ocrx_word' id='word_1_50' title='bbox 1602 493 1693 537; x_wconf 82' lang='lat' dir='ltr'>Pri-</span> 
     </span>
     <span class='ocr_line' id='line_1_11' title="bbox 356 554 1688 610; baseline -0.005 -11"><span class='ocrx_word' id='word_1_51' title='bbox 356 556 429 599; x_wconf 70' lang='lat' dir='ltr'>mo</span> <span class='ocrx_word' id='word_1_52' title='bbox 471 557 634 599; x_wconf 72' lang='lat' dir='ltr'>incaute</span> <span class='ocrx_word' id='word_1_53' title='bbox 669 556 707 598; x_wconf 90' lang='lat' dir='ltr'>se</span> <span class='ocrx_word' id='word_1_54' title='bbox 746 556 1018 609; x_wconf 15' lang='lat' dir='ltr'>ulevehentes</span> <span class='ocrx_word' id='word_1_55' title='bbox 1053 555 1255 597; x_wconf 84' lang='lat' dir='ltr'>Masmiffa</span> <span class='ocrx_word' id='word_1_56' title='bbox 1285 554 1539 610; x_wconf 80' lang='lat' dir='ltr'>excipiebat:</span> <span class='ocrx_word' id='word_1_57' title='bbox 1590 567 1688 594; x_wconf 82' lang='lat' dir='ltr'>mox</span> 
     </span>
     <span class='ocr_line' id='line_1_12' title="bbox 355 616 1690 673; baseline -0.004 -15"><span class='ocrx_word' id='word_1_58' title='bbox 355 617 496 673; x_wconf 83' lang='lat' dir='ltr'>plures</span> <span class='ocrx_word' id='word_1_59' title='bbox 528 616 645 657; x_wconf 71' lang='lat' dir='ltr'>simul</span> <span class='ocrx_word' id='word_1_60' title='bbox 666 616 843 657; x_wconf 90' lang='lat' dir='ltr'>conferti</span> <span class='ocrx_word' id='word_1_61' title='bbox 874 617 992 671; x_wconf 74' lang='lat' dir='ltr'>porta</span> <span class='ocrx_word' id='word_1_62' title='bbox 1025 616 1138 656; x_wconf 79' lang='lat' dir='ltr'>effusi</span> <span class='ocrx_word' id='word_1_63' title='bbox 1161 624 1427 669; x_wconf 71' lang='lat' dir='ltr'>aequaverant</span> <span class='ocrx_word' id='word_1_64' title='bbox 1453 624 1690 654; x_wconf 87' lang='lat' dir='ltr'>certamen:</span> 
     </span>
     <span class='ocr_line' id='line_1_13' title="bbox 356 671 1693 732; baseline -0.004 -15"><span class='ocrx_word' id='word_1_65' title='bbox 356 675 582 731; x_wconf 71' lang='lat' dir='ltr'>postremo,</span> <span class='ocrx_word' id='word_1_66' title='bbox 609 676 696 732; x_wconf 85' lang='lat' dir='ltr'>jam</span> <span class='ocrx_word' id='word_1_67' title='bbox 711 676 846 717; x_wconf 86' lang='lat' dir='ltr'>omnis</span> <span class='ocrx_word' id='word_1_68' title='bbox 859 674 1067 730; x_wconf 82' lang='lat' dir='ltr'>equitatus</span> <span class='ocrx_word' id='word_1_69' title='bbox 1090 674 1238 729; x_wconf 90' lang='lat' dir='ltr'>proelio</span> <span class='ocrx_word' id='word_1_70' title='bbox 1261 687 1390 728; x_wconf 88' lang='lat' dir='ltr'>quum</span> <span class='ocrx_word' id='word_1_71' title='bbox 1408 673 1573 725; x_wconf 84' lang='lat' dir='ltr'>adeffet,</span> <span class='ocrx_word' id='word_1_72' title='bbox 1609 671 1693 712; x_wconf 86' lang='lat' dir='ltr'>sus-</span> 
     </span>
     <span class='ocr_line' id='line_1_14' title="bbox 355 730 1692 790; baseline -0.003 -15"><span class='ocrx_word' id='word_1_73' title='bbox 355 734 479 777; x_wconf 86' lang='lat' dir='ltr'>tineri</span> <span class='ocrx_word' id='word_1_74' title='bbox 500 734 608 776; x_wconf 69' lang='lat' dir='ltr'>ultra</span> <span class='ocrx_word' id='word_1_75' title='bbox 631 735 838 790; x_wconf 82' lang='lat' dir='ltr'>nequiere.</span> <span class='ocrx_word' id='word_1_76' title='bbox 900 734 998 775; x_wconf 89' lang='lat' dir='ltr'>Non</span> <span class='ocrx_word' id='word_1_77' title='bbox 1021 743 1160 773; x_wconf 88' lang='lat' dir='ltr'>tamen</span> <span class='ocrx_word' id='word_1_78' title='bbox 1181 733 1312 774; x_wconf 68' lang='lat' dir='ltr'>effusa</span> <span class='ocrx_word' id='word_1_79' title='bbox 1344 731 1444 788; x_wconf 69' lang='lat' dir='ltr'>fuga</span> <span class='ocrx_word' id='word_1_80' title='bbox 1469 730 1692 782; x_wconf 86' lang='lat' dir='ltr'>Mafiniffa,</span> 
     </span>
     <span class='ocr_line' id='line_1_15' title="bbox 354 791 1692 848; baseline -0.004 -12"><span class='ocrx_word' id='word_1_81' title='bbox 354 794 424 836; x_wconf 86' lang='lat' dir='ltr'>sed</span> <span class='ocrx_word' id='word_1_82' title='bbox 442 795 627 836; x_wconf 91' lang='lat' dir='ltr'>cedendo</span> <span class='ocrx_word' id='word_1_83' title='bbox 644 793 802 844; x_wconf 84' lang='lat' dir='ltr'>senfim,</span> <span class='ocrx_word' id='word_1_84' title='bbox 833 793 1013 848; x_wconf 88' lang='lat' dir='ltr'>impetus</span> <span class='ocrx_word' id='word_1_85' title='bbox 1028 806 1172 833; x_wconf 89' lang='lat' dir='ltr'>eorum</span> <span class='ocrx_word' id='word_1_86' title='bbox 1195 791 1424 847; x_wconf 83' lang='lat' dir='ltr'>excipiebat</span> <span class='ocrx_word' id='word_1_87' title='bbox 1439 793 1527 846; x_wconf 87' lang='lat'>(4):</span> <span class='ocrx_word' id='word_1_88' title='bbox 1560 791 1692 831; x_wconf 89' lang='lat' dir='ltr'>donec</span> 
     </span>
     <span class='ocr_line' id='line_1_16' title="bbox 355 849 1693 909; baseline -0.004 -15"><span class='ocrx_word' id='word_1_89' title='bbox 355 854 407 895; x_wconf 87' lang='lat' dir='ltr'>ad</span> <span class='ocrx_word' id='word_1_90' title='bbox 430 855 614 895; x_wconf 74' lang='lat' dir='ltr'>tumulos</span> <span class='ocrx_word' id='word_1_91' title='bbox 631 863 814 909; x_wconf 84' lang='lat' dir='ltr'>tegentes</span> <span class='ocrx_word' id='word_1_92' title='bbox 831 853 1074 892; x_wconf 89' lang='lat' dir='ltr'>Romanum</span> <span class='ocrx_word' id='word_1_93' title='bbox 1090 851 1321 906; x_wconf 85' lang='lat' dir='ltr'>equitatum</span> <span class='ocrx_word' id='word_1_94' title='bbox 1335 850 1545 906; x_wconf 86' lang='lat' dir='ltr'>pertraxit.</span> <span class='ocrx_word' id='word_1_95' title='bbox 1589 849 1693 890; x_wconf 91' lang='lat' dir='ltr'>Inde</span> 
     </span>
     <span class='ocr_line' id='line_1_17' title="bbox 358 907 1692 967; baseline -0.003 -14"><span class='ocrx_word' id='word_1_96' title='bbox 358 914 420 967; x_wconf 82' lang='lat'>(5)</span> <span class='ocrx_word' id='word_1_97' title='bbox 441 913 574 953; x_wconf 85' lang='lat' dir='ltr'>exorti</span> <span class='ocrx_word' id='word_1_98' title='bbox 594 913 771 966; x_wconf 87' lang='lat' dir='ltr'>equites,</span> <span class='ocrx_word' id='word_1_99' title='bbox 807 914 844 952; x_wconf 75' lang='grc' dir='ltr'>δι</span> <span class='ocrx_word' id='word_1_100' title='bbox 870 911 941 964; x_wconf 87' lang='lat' dir='ltr'>ipfi</span> <span class='ocrx_word' id='word_1_101' title='bbox 976 910 1146 965; x_wconf 85' lang='lat' dir='ltr'>integris</span> <span class='ocrx_word' id='word_1_102' title='bbox 1177 910 1350 962; x_wconf 84' lang='lat' dir='ltr'>viribus,</span> <span class='ocrx_word' id='word_1_103' title='bbox 1384 912 1425 951; x_wconf 72' lang='grc' dir='ltr'>δι</span> <span class='ocrx_word' id='word_1_104' title='bbox 1458 907 1692 950; x_wconf 87' lang='lat' dir='ltr'>recentibus</span> 
     </span>
     <span class='ocr_line' id='line_1_18' title="bbox 357 967 1693 1026; baseline -0.003 -14"><span class='ocrx_word' id='word_1_105' title='bbox 357 971 489 1026; x_wconf 84' lang='lat' dir='ltr'>equis,</span> <span class='ocrx_word' id='word_1_106' title='bbox 522 970 722 1011; x_wconf 84' lang='lat' dir='ltr'>Hannoni</span> <span class='ocrx_word' id='word_1_107' title='bbox 746 968 940 1023; x_wconf 82' lang='lat' dir='ltr'>Afrisque</span> <span class='ocrx_word' id='word_1_108' title='bbox 963 969 1187 1024; x_wconf 83' lang='lat' dir='ltr'>pugnando</span> <span class='ocrx_word' id='word_1_109' title='bbox 1210 983 1256 1010; x_wconf 89' lang='lat' dir='ltr'>ac</span> <span class='ocrx_word' id='word_1_110' title='bbox 1288 969 1494 1022; x_wconf 87' lang='lat' dir='ltr'>sequendo</span> <span class='ocrx_word' id='word_1_111' title='bbox 1525 967 1632 1009; x_wconf 86' lang='lat' dir='ltr'>feffis</span> <span class='ocrx_word' id='word_1_112' title='bbox 1654 967 1693 1008; x_wconf 87' lang='lat' dir='ltr'>se</span> 
     </span>
     <span class='ocr_line' id='line_1_19' title="bbox 358 1025 1694 1084; baseline -0.002 -14"><span class='ocrx_word' id='word_1_113' title='bbox 358 1029 693 1071; x_wconf 88' lang='lat' dir='ltr'>circumfudere:</span> <span class='ocrx_word' id='word_1_114' title='bbox 727 1030 766 1069; x_wconf 85' lang='lat'>&amp;</span> <span class='ocrx_word' id='word_1_115' title='bbox 790 1027 1010 1077; x_wconf 82' lang='lat' dir='ltr'>Mafiniffa,</span> <span class='ocrx_word' id='word_1_116' title='bbox 1042 1027 1158 1068; x_wconf 86' lang='lat' dir='ltr'>flexis</span> <span class='ocrx_word' id='word_1_117' title='bbox 1187 1025 1321 1068; x_wconf 72' lang='lat' dir='ltr'>subito</span> <span class='ocrx_word' id='word_1_118' title='bbox 1355 1027 1490 1084; x_wconf 89' lang='lat' dir='ltr'>equis,</span> <span class='ocrx_word' id='word_1_119' title='bbox 1523 1027 1565 1067; x_wconf 88' lang='lat' dir='ltr'>in</span> <span class='ocrx_word' id='word_1_120' title='bbox 1587 1042 1694 1082; x_wconf 88' lang='lat' dir='ltr'>pug-</span> 
     </span>
     <span class='ocr_line' id='line_1_20' title="bbox 356 1085 1695 1142; baseline -0.002 -13"><span class='ocrx_word' id='word_1_121' title='bbox 356 1103 454 1129; x_wconf 84' lang='lat' dir='ltr'>nam</span> <span class='ocrx_word' id='word_1_122' title='bbox 476 1089 609 1130; x_wconf 88' lang='lat' dir='ltr'>rediit.</span> <span class='ocrx_word' id='word_1_123' title='bbox 672 1088 792 1128; x_wconf 89' lang='lat' dir='ltr'>Mille</span> <span class='ocrx_word' id='word_1_124' title='bbox 815 1087 963 1138; x_wconf 82' lang='lat' dir='ltr'>ferme,</span> <span class='ocrx_word' id='word_1_125' title='bbox 995 1086 1066 1140; x_wconf 89' lang='lat' dir='ltr'>qui</span> <span class='ocrx_word' id='word_1_126' title='bbox 1084 1086 1206 1142; x_wconf 86' lang='lat' dir='ltr'>primi</span> <span class='ocrx_word' id='word_1_127' title='bbox 1226 1086 1401 1142; x_wconf 88' lang='lat' dir='ltr'>agminis</span> <span class='ocrx_word' id='word_1_128' title='bbox 1434 1085 1617 1137; x_wconf 88' lang='lat' dir='ltr'>fuerant,</span> <span class='ocrx_word' id='word_1_129' title='bbox 1647 1097 1695 1127; x_wconf 90' lang='lat' dir='ltr'>ut</span> 
     </span>
     <span class='ocr_line' id='line_1_21' title="bbox 357 1144 1694 1202; baseline -0.003 -14"><span class='ocrx_word' id='word_1_130' title='bbox 357 1147 509 1202; x_wconf 88' lang='lat' dir='ltr'>quibus</span> <span class='ocrx_word' id='word_1_131' title='bbox 528 1147 639 1188; x_wconf 86' lang='lat' dir='ltr'>haud</span> <span class='ocrx_word' id='word_1_132' title='bbox 664 1146 796 1188; x_wconf 81' lang='lat' dir='ltr'>facilis</span> <span class='ocrx_word' id='word_1_133' title='bbox 821 1152 836 1198; x_wconf 81' lang='grc' dir='ltr'>ΙΙ</span> <span class='ocrx_word' id='word_1_134' title='bbox 862 1155 1053 1201; x_wconf 88' lang='lat' dir='ltr'>receptus</span> <span class='ocrx_word' id='word_1_135' title='bbox 1090 1145 1187 1195; x_wconf 84' lang='lat' dir='ltr'>fuit,</span> <span class='ocrx_word' id='word_1_136' title='bbox 1218 1159 1316 1186; x_wconf 87' lang='lat' dir='ltr'>cum</span> <span class='ocrx_word' id='word_1_137' title='bbox 1337 1144 1424 1200; x_wconf 88' lang='lat' dir='ltr'>ipso</span> <span class='ocrx_word' id='word_1_138' title='bbox 1445 1145 1551 1186; x_wconf 91' lang='lat' dir='ltr'>duce</span> <span class='ocrx_word' id='word_1_139' title='bbox 1572 1145 1694 1186; x_wconf 88' lang='lat' dir='ltr'>Han-</span> 
     </span>
     <span class='ocr_line' id='line_1_22' title="bbox 356 1203 1695 1260; baseline -0.001 -13"><span class='ocrx_word' id='word_1_140' title='bbox 356 1220 466 1248; x_wconf 86' lang='lat' dir='ltr'>none</span> <span class='ocrx_word' id='word_1_141' title='bbox 488 1206 694 1247; x_wconf 87' lang='lat' dir='ltr'>interclufi</span> <span class='ocrx_word' id='word_1_142' title='bbox 724 1216 847 1260; x_wconf 90' lang='lat' dir='ltr'>atque</span> <span class='ocrx_word' id='word_1_143' title='bbox 882 1203 1094 1245; x_wconf 66' lang='lat' dir='ltr'>interfecti</span> <span class='ocrx_word' id='word_1_144' title='bbox 1115 1203 1221 1245; x_wconf 90' lang='lat' dir='ltr'>sunt.</span> <span class='ocrx_word' id='word_1_145' title='bbox 1246 1213 1419 1255; x_wconf 88' lang='lat' dir='ltr'>ceteros,</span> <span class='ocrx_word' id='word_1_146' title='bbox 1451 1204 1568 1245; x_wconf 89' lang='lat' dir='ltr'>ducis</span> <span class='ocrx_word' id='word_1_147' title='bbox 1589 1219 1695 1260; x_wconf 85' lang='lat' dir='ltr'>prae-</span> 
     </span>
     <span class='ocr_line' id='line_1_23' title="bbox 358 1260 1695 1320; baseline -0.002 -14"><span class='ocrx_word' id='word_1_148' title='bbox 358 1264 477 1320; x_wconf 73' lang='lat' dir='ltr'>cipue</span> <span class='ocrx_word' id='word_1_149' title='bbox 501 1265 662 1306; x_wconf 77' lang='lat' dir='ltr'>territos</span> <span class='ocrx_word' id='word_1_150' title='bbox 696 1265 823 1314; x_wconf 87' lang='lat' dir='ltr'>caede,</span> <span class='ocrx_word' id='word_1_151' title='bbox 854 1260 980 1305; x_wconf 72' lang='lat' dir='ltr'>effuse</span> <span class='ocrx_word' id='word_1_152' title='bbox 1012 1263 1220 1319; x_wconf 85' lang='lat' dir='ltr'>fugientes</span> <span class='ocrx_word' id='word_1_153' title='bbox 1241 1277 1314 1318; x_wconf 90' lang='lat' dir='ltr'>per</span> <span class='ocrx_word' id='word_1_154' title='bbox 1344 1263 1421 1304; x_wconf 87' lang='lat' dir='ltr'>tria</span> <span class='ocrx_word' id='word_1_155' title='bbox 1454 1263 1583 1304; x_wconf 88' lang='lat' dir='ltr'>millia</span> <span class='ocrx_word' id='word_1_156' title='bbox 1604 1263 1695 1319; x_wconf 89' lang='lat' dir='ltr'>pas-</span> 
     </span>
     <span class='ocr_line' id='line_1_24' title="bbox 357 1321 1694 1378; baseline -0.001 -13"><span class='ocrx_word' id='word_1_157' title='bbox 357 1324 476 1366; x_wconf 84' lang='lat' dir='ltr'>suum</span> <span class='ocrx_word' id='word_1_158' title='bbox 496 1324 675 1366; x_wconf 59' lang='lat' dir='ltr'>victores</span> <span class='ocrx_word' id='word_1_159' title='bbox 692 1323 836 1374; x_wconf 85' lang='lat' dir='ltr'>secuti,</span> <span class='ocrx_word' id='word_1_160' title='bbox 867 1323 919 1365; x_wconf 87' lang='lat' dir='ltr'>ad</span> <span class='ocrx_word' id='word_1_161' title='bbox 945 1324 1028 1364; x_wconf 90' lang='lat' dir='ltr'>duo</span> <span class='ocrx_word' id='word_1_162' title='bbox 1045 1333 1240 1378; x_wconf 80' lang='lat' dir='ltr'>praeterea</span> <span class='ocrx_word' id='word_1_163' title='bbox 1263 1321 1390 1363; x_wconf 87' lang='lat' dir='ltr'>millia</span> <span class='ocrx_word' id='word_1_164' title='bbox 1411 1322 1600 1377; x_wconf 90' lang='lat' dir='ltr'>equitum</span> <span class='ocrx_word' id='word_1_165' title='bbox 1623 1332 1694 1364; x_wconf 87' lang='lat' dir='ltr'>aut</span> 
     </span>
     <span class='ocr_line' id='line_1_25' title="bbox 357 1381 1694 1438; baseline -0.001 -14"><span class='ocrx_word' id='word_1_166' title='bbox 357 1394 572 1438; x_wconf 91' lang='lat' dir='ltr'>ceperunt,</span> <span class='ocrx_word' id='word_1_167' title='bbox 603 1393 675 1424; x_wconf 82' lang='lat' dir='ltr'>aut</span> <span class='ocrx_word' id='word_1_168' title='bbox 706 1383 963 1424; x_wconf 87' lang='lat' dir='ltr'>occiderunt.</span> <span class='ocrx_word' id='word_1_169' title='bbox 997 1382 1105 1422; x_wconf 92' lang='lat' dir='ltr'>inter</span> <span class='ocrx_word' id='word_1_170' title='bbox 1140 1396 1210 1423; x_wconf 85' lang='lat' dir='ltr'>eos</span> <span class='ocrx_word' id='word_1_171' title='bbox 1233 1381 1325 1423; x_wconf 87' lang='lat' dir='ltr'>satis</span> <span class='ocrx_word' id='word_1_172' title='bbox 1346 1381 1575 1432; x_wconf 90' lang='lat' dir='ltr'>constabat,</span> <span class='ocrx_word' id='word_1_173' title='bbox 1607 1395 1694 1423; x_wconf 90' lang='lat' dir='ltr'>non</span> 
     </span>
     <span class='ocr_line' id='line_1_26' title="bbox 355 1440 1695 1497; baseline -0.001 -14"><span class='ocrx_word' id='word_1_174' title='bbox 355 1443 496 1485; x_wconf 69' lang='lat' dir='ltr'>minsis</span> <span class='ocrx_word' id='word_1_175' title='bbox 517 1443 717 1484; x_wconf 86' lang='lat' dir='ltr'>ducentos</span> <span class='ocrx_word' id='word_1_176' title='bbox 745 1440 1151 1497; x_wconf 72' lang='lat' dir='ltr'>Karthaginienfiurn</span> <span class='ocrx_word' id='word_1_177' title='bbox 1171 1440 1330 1496; x_wconf 88' lang='lat' dir='ltr'>equites</span> <span class='ocrx_word' id='word_1_178' title='bbox 1357 1440 1492 1494; x_wconf 83' lang='lat' dir='ltr'>fuiffe,</span> <span class='ocrx_word' id='word_1_179' title='bbox 1516 1443 1567 1483; x_wconf 22' lang='lat' dir='ltr'>x&amp;</span> <span class='ocrx_word' id='word_1_180' title='bbox 1590 1440 1695 1482; x_wconf 86' lang='lat' dir='ltr'>divi-</span> 
     </span>
     <span class='ocr_line' id='line_1_27' title="bbox 354 1500 1079 1558; baseline 0 -16"><span class='ocrx_word' id='word_1_181' title='bbox 354 1501 423 1542; x_wconf 81' lang='lat' dir='ltr'>tiis</span> <span class='ocrx_word' id='word_1_182' title='bbox 438 1501 634 1556; x_wconf 88' lang='lat' dir='ltr'>quosdam</span> <span class='ocrx_word' id='word_1_183' title='bbox 660 1506 701 1545; x_wconf 80' lang='lat'>&amp;</span> <span class='ocrx_word' id='word_1_184' title='bbox 723 1514 873 1558; x_wconf 87' lang='lat' dir='ltr'>genere</span> <span class='ocrx_word' id='word_1_185' title='bbox 894 1500 1079 1542; x_wconf 76' lang='lat' dir='ltr'>illustres.</span> 
     </span>
    </p>

    <p class='ocr_par' dir='ltr' id='par_1_6' title="bbox 355 1557 1693 2267">
     <span class='ocr_line' id='line_1_28' title="bbox 414 1557 1693 1615; baseline -0.001 -13"><span class='ocrx_word' id='word_1_186' title='bbox 414 1560 599 1602; x_wconf 88' lang='lat' dir='ltr'><strong>XXXV.</strong></span> <span class='ocrx_word' id='word_1_187' title='bbox 634 1560 792 1601; x_wconf 84' lang='lat' dir='ltr'>Eodem</span> <span class='ocrx_word' id='word_1_188' title='bbox 813 1559 937 1610; x_wconf 72' lang='lat' dir='ltr'>forte),</span> <span class='ocrx_word' id='word_1_189' title='bbox 965 1574 1049 1614; x_wconf 89' lang='lat' dir='ltr'>quo</span> <span class='ocrx_word' id='word_1_190' title='bbox 1070 1558 1159 1600; x_wconf 87' lang='lat' dir='ltr'>haec</span> <span class='ocrx_word' id='word_1_191' title='bbox 1187 1558 1298 1615; x_wconf 90' lang='lat' dir='ltr'>gesta</span> <span class='ocrx_word' id='word_1_192' title='bbox 1319 1557 1429 1609; x_wconf 88' lang='lat' dir='ltr'>sunt,</span> <span class='ocrx_word' id='word_1_193' title='bbox 1461 1558 1527 1600; x_wconf 91' lang='lat' dir='ltr'>die</span> <span class='ocrx_word' id='word_1_194' title='bbox 1549 1573 1693 1612; x_wconf 74' lang='lat' dir='ltr'>naves,</span> 
     </span>
     <span class='ocr_line' id='line_1_29' title="bbox 357 1618 1693 1674; baseline 0.001 -15"><span class='ocrx_word' id='word_1_195' title='bbox 357 1633 450 1673; x_wconf 86' lang='lat' dir='ltr'>quae</span> <span class='ocrx_word' id='word_1_196' title='bbox 482 1620 666 1674; x_wconf 81' lang='lat' dir='ltr'>praedam</span> <span class='ocrx_word' id='word_1_197' title='bbox 698 1620 740 1660; x_wconf 89' lang='lat' dir='ltr'>in</span> <span class='ocrx_word' id='word_1_198' title='bbox 762 1618 945 1660; x_wconf 88' lang='lat' dir='ltr'>Siciliam</span> <span class='ocrx_word' id='word_1_199' title='bbox 975 1627 1186 1668; x_wconf 89' lang='lat' dir='ltr'>vexerant,</span> <span class='ocrx_word' id='word_1_200' title='bbox 1219 1632 1316 1659; x_wconf 90' lang='lat' dir='ltr'>cum</span> <span class='ocrx_word' id='word_1_201' title='bbox 1353 1628 1591 1660; x_wconf 88' lang='lat' dir='ltr'>commeatu</span> <span class='ocrx_word' id='word_1_202' title='bbox 1628 1633 1693 1660; x_wconf 90' lang='lat' dir='ltr'>re-</span> 
     </span>
     <span class='ocr_line' id='line_1_30' title="bbox 355 1677 1692 1732; baseline 0 -14"><span class='ocrx_word' id='word_1_203' title='bbox 355 1678 497 1726; x_wconf 79' lang='lat' dir='ltr'>diere3</span> <span class='ocrx_word' id='word_1_204' title='bbox 539 1679 652 1718; x_wconf 90' lang='lat' dir='ltr'>velut</span> <span class='ocrx_word' id='word_1_205' title='bbox 680 1677 891 1729; x_wconf 65' lang='lat' dir='ltr'>ominatae,</span> <span class='ocrx_word' id='word_1_206' title='bbox 923 1677 975 1717; x_wconf 75' lang='lat' dir='ltr'>ad</span> <span class='ocrx_word' id='word_1_207' title='bbox 1004 1678 1185 1732; x_wconf 74' lang='lat' dir='ltr'>praedam</span> <span class='ocrx_word' id='word_1_208' title='bbox 1219 1678 1390 1717; x_wconf 87' lang='lat' dir='ltr'>alteram</span> <span class='ocrx_word' id='word_1_209' title='bbox 1424 1679 1692 1732; x_wconf 86' lang='lat' dir='ltr'>repetendam</span> 
     </span>
     <span class='ocr_line' id='line_1_31' title="bbox 355 1735 1691 1793; baseline 0.001 -16"><span class='ocrx_word' id='word_1_210' title='bbox 355 1736 438 1777; x_wconf 90' lang='lat' dir='ltr'>sese</span> <span class='ocrx_word' id='word_1_211' title='bbox 479 1736 639 1778; x_wconf 85' lang='lat' dir='ltr'>venisse.</span> <span class='ocrx_word' id='word_1_212' title='bbox 716 1737 838 1779; x_wconf 85' lang='lat' dir='ltr'>Duos</span> <span class='ocrx_word' id='word_1_213' title='bbox 879 1737 1026 1776; x_wconf 90' lang='lat' dir='ltr'>eodem</span> <span class='ocrx_word' id='word_1_214' title='bbox 1073 1736 1240 1776; x_wconf 88' lang='lat' dir='ltr'>nomine</span> <span class='ocrx_word' id='word_1_215' title='bbox 1282 1735 1691 1793; x_wconf 73' lang='lat' dir='ltr'>Karthaginiensium</span> 
     </span>
     <span class='ocr_line' id='line_1_32' title="bbox 356 1794 1693 1850; baseline 0.001 -14"><span class='ocrx_word' id='word_1_216' title='bbox 356 1796 483 1836; x_wconf 89' lang='lat' dir='ltr'>duces</span> <span class='ocrx_word' id='word_1_217' title='bbox 505 1795 666 1836; x_wconf 88' lang='lat' dir='ltr'>duobus</span> <span class='ocrx_word' id='word_1_218' title='bbox 688 1794 944 1850; x_wconf 88' lang='lat' dir='ltr'>equestribus</span> <span class='ocrx_word' id='word_1_219' title='bbox 973 1795 1130 1849; x_wconf 87' lang='lat' dir='ltr'>proeliis</span> <span class='ocrx_word' id='word_1_220' title='bbox 1152 1794 1411 1845; x_wconf 60' lang='lat' dir='ltr'>interfectos,</span> <span class='ocrx_word' id='word_1_221' title='bbox 1440 1809 1524 1836; x_wconf 91' lang='lat' dir='ltr'>non</span> <span class='ocrx_word' id='word_1_222' title='bbox 1546 1809 1693 1838; x_wconf 88' lang='lat' dir='ltr'>omnes</span> 
     </span>
     <span class='ocr_line' id='line_1_33' title="bbox 356 1853 1693 1909; baseline 0.001 -15"><span class='ocrx_word' id='word_1_223' title='bbox 356 1854 547 1895; x_wconf 64' lang='lat' dir='ltr'>auetores</span> <span class='ocrx_word' id='word_1_224' title='bbox 570 1854 686 1895; x_wconf 88' lang='lat' dir='ltr'>sunt:</span> <span class='ocrx_word' id='word_1_225' title='bbox 717 1854 850 1904; x_wconf 87' lang='lat' dir='ltr'>veriti,</span> <span class='ocrx_word' id='word_1_226' title='bbox 883 1854 1022 1902; x_wconf 87' lang='lat' dir='ltr'>credo,</span> <span class='ocrx_word' id='word_1_227' title='bbox 1055 1857 1118 1909; x_wconf 83' lang='lat'>(1)</span> <span class='ocrx_word' id='word_1_228' title='bbox 1139 1868 1191 1894; x_wconf 87' lang='lat' dir='ltr'>ne</span> <span class='ocrx_word' id='word_1_229' title='bbox 1213 1853 1373 1895; x_wconf 87' lang='lat' dir='ltr'>falleret</span> <span class='ocrx_word' id='word_1_230' title='bbox 1394 1854 1456 1896; x_wconf 86' lang='lat' dir='ltr'>bis</span> <span class='ocrx_word' id='word_1_231' title='bbox 1477 1855 1603 1896; x_wconf 86' lang='lat' dir='ltr'>relata</span> <span class='ocrx_word' id='word_1_232' title='bbox 1624 1869 1693 1896; x_wconf 91' lang='lat' dir='ltr'>ea-</span> 
     </span>
     <span class='ocr_line' id='line_1_34' title="bbox 357 1912 1691 1970; baseline 0.001 -17"><span class='ocrx_word' id='word_1_233' title='bbox 357 1914 453 1953; x_wconf 92' lang='lat' dir='ltr'>dem</span> <span class='ocrx_word' id='word_1_234' title='bbox 469 1927 546 1955; x_wconf 86' lang='lat' dir='ltr'>res.</span> <span class='ocrx_word' id='word_1_235' title='bbox 601 1919 615 1966; x_wconf 85' lang='grc' dir='ltr'>ΙΙ</span> <span class='ocrx_word' id='word_1_236' title='bbox 643 1913 804 1954; x_wconf 87' lang='lat' dir='ltr'>Coelius</span> <span class='ocrx_word' id='word_1_237' title='bbox 822 1912 991 1968; x_wconf 88' lang='lat' dir='ltr'>quidem</span> <span class='ocrx_word' id='word_1_238' title='bbox 1017 1913 1280 1966; x_wconf 84' lang='lat' dir='ltr'>&amp;†Valerius</span> <span class='ocrx_word' id='word_1_239' title='bbox 1302 1922 1469 1969; x_wconf 86' lang='lat' dir='ltr'>captum</span> <span class='ocrx_word' id='word_1_240' title='bbox 1487 1914 1691 1970; x_wconf 87' lang='lat' dir='ltr'>(2)etiam</span> 
     </span>
     <span class='ocr_line' id='line_1_35' title="bbox 355 1971 1690 2027; baseline 0.001 -14"><span class='ocrx_word' id='word_1_241' title='bbox 355 1972 611 2013; x_wconf 86' lang='lat' dir='ltr'>Hannonem</span> <span class='ocrx_word' id='word_1_242' title='bbox 634 1973 815 2013; x_wconf 88' lang='lat' dir='ltr'>tradunt.</span> <span class='ocrx_word' id='word_1_243' title='bbox 875 1971 1014 2026; x_wconf 88' lang='lat' dir='ltr'>Scipio</span> <span class='ocrx_word' id='word_1_244' title='bbox 1043 1971 1261 2027; x_wconf 61' lang='lat' dir='ltr'>praefefios</span> <span class='ocrx_word' id='word_1_245' title='bbox 1282 1972 1539 2027; x_wconf 88' lang='lat' dir='ltr'>equitesque,</span> <span class='ocrx_word' id='word_1_246' title='bbox 1569 1984 1690 2027; x_wconf 89' lang='lat' dir='ltr'>prout</span> 
     </span>
     <span class='ocr_line' id='line_1_36' title="bbox 357 2031 1691 2089; baseline 0.001 -17"><span class='ocrx_word' id='word_1_247' title='bbox 357 2031 557 2088; x_wconf 88' lang='lat' dir='ltr'>cujusque</span> <span class='ocrx_word' id='word_1_248' title='bbox 578 2046 701 2087; x_wconf 90' lang='lat' dir='ltr'>opera</span> <span class='ocrx_word' id='word_1_249' title='bbox 737 2031 885 2076; x_wconf 85' lang='lat' dir='ltr'>fuerat,</span> <span class='ocrx_word' id='word_1_250' title='bbox 919 2041 1013 2071; x_wconf 89' lang='lat' dir='ltr'>ante</span> <span class='ocrx_word' id='word_1_251' title='bbox 1049 2045 1194 2072; x_wconf 87' lang='lat' dir='ltr'>omnes</span> <span class='ocrx_word' id='word_1_252' title='bbox 1225 2031 1491 2084; x_wconf 86' lang='lat' dir='ltr'>Mafiniffam,</span> <span class='ocrx_word' id='word_1_253' title='bbox 1522 2031 1691 2089; x_wconf 87' lang='lat' dir='ltr'>infigni-</span> 
     </span>
     <span class='ocr_line' id='line_1_37' title="bbox 356 2088 1691 2147; baseline 0.001 -16"><span class='ocrx_word' id='word_1_254' title='bbox 356 2089 434 2131; x_wconf 87' lang='lat' dir='ltr'>bus</span> <span class='ocrx_word' id='word_1_255' title='bbox 457 2090 574 2131; x_wconf 84' lang='lat' dir='ltr'>donis</span> <span class='ocrx_word' id='word_1_256' title='bbox 596 2092 735 2131; x_wconf 87' lang='lat' dir='ltr'>donat.</span> <span class='ocrx_word' id='word_1_257' title='bbox 762 2092 820 2141; x_wconf 70' lang='grc' dir='ltr'>ὅτ,</span> <span class='ocrx_word' id='word_1_258' title='bbox 853 2088 974 2131; x_wconf 86' lang='lat' dir='ltr'>firmo</span> <span class='ocrx_word' id='word_1_259' title='bbox 996 2090 1180 2145; x_wconf 85' lang='lat' dir='ltr'>praefidio</span> <span class='ocrx_word' id='word_1_260' title='bbox 1202 2090 1352 2131; x_wconf 86' lang='lat' dir='ltr'>Salerae</span> <span class='ocrx_word' id='word_1_261' title='bbox 1367 2090 1571 2146; x_wconf 78' lang='lat' dir='ltr'>imposito,</span> <span class='ocrx_word' id='word_1_262' title='bbox 1605 2091 1691 2147; x_wconf 89' lang='lat' dir='ltr'>ipse</span> 
     </span>
     <span class='ocr_line' id='line_1_38' title="bbox 359 2148 1692 2206; baseline 0.001 -16"><span class='ocrx_word' id='word_1_263' title='bbox 359 2164 454 2190; x_wconf 87' lang='lat' dir='ltr'>cum</span> <span class='ocrx_word' id='word_1_264' title='bbox 478 2159 614 2191; x_wconf 86' lang='lat' dir='ltr'>cetero</span> <span class='ocrx_word' id='word_1_265' title='bbox 632 2149 815 2190; x_wconf 87' lang='lat' dir='ltr'>exercitu</span> <span class='ocrx_word' id='word_1_266' title='bbox 833 2148 1062 2206; x_wconf 60' lang='lat' dir='ltr'>profectus,</span> <span class='ocrx_word' id='word_1_267' title='bbox 1094 2163 1179 2189; x_wconf 91' lang='lat' dir='ltr'>non</span> <span class='ocrx_word' id='word_1_268' title='bbox 1201 2148 1308 2205; x_wconf 88' lang='lat' dir='ltr'>agris</span> <span class='ocrx_word' id='word_1_269' title='bbox 1328 2148 1472 2200; x_wconf 71' lang='lat' dir='ltr'>modo,</span> <span class='ocrx_word' id='word_1_270' title='bbox 1505 2151 1692 2205; x_wconf 66' lang='lat' dir='ltr'>quacun-</span> 
     </span>
     <span class='ocr_line' id='line_1_39' title="bbox 359 2206 1689 2267; baseline 0.002 -18"><span class='ocrx_word' id='word_1_271' title='bbox 359 2223 438 2264; x_wconf 88' lang='lat' dir='ltr'>que</span> <span class='ocrx_word' id='word_1_272' title='bbox 461 2207 693 2260; x_wconf 85' lang='lat' dir='ltr'>incedebat,</span> <span class='ocrx_word' id='word_1_273' title='bbox 725 2208 948 2267; x_wconf 83' lang='lat' dir='ltr'>populatis,</span> <span class='ocrx_word' id='word_1_274' title='bbox 981 2206 1050 2252; x_wconf 85' lang='lat' dir='ltr'>sed</span> <span class='ocrx_word' id='word_1_275' title='bbox 1089 2207 1260 2252; x_wconf 87' lang='lat' dir='ltr'>urbibus</span> <span class='ocrx_word' id='word_1_276' title='bbox 1295 2208 1420 2249; x_wconf 85' lang='lat' dir='ltr'>etiam</span> <span class='ocrx_word' id='word_1_277' title='bbox 1443 2208 1689 2265; x_wconf 86' lang='lat' dir='ltr'>quibusdam</span> 
     </span>
    </p>

    <p class='ocr_par' dir='ltr' id='par_1_7' title="bbox 1507 2267 1688 2325">
     <span class='ocr_line' id='line_1_40' title="bbox 1507 2267 1688 2325; baseline 0.006 -16"><span class='ocrx_word' id='word_1_278' title='bbox 1507 2267 1688 2325; x_wconf 85' lang='lat' dir='ltr'>vicisque</span> 
     </span>
    </p>
   </div>
   <div class='ocr_carea' id='block_1_6' title="bbox 359 2402 1691 2584">
    <p class='ocr_par' dir='ltr' id='par_1_8' title="bbox 359 2402 1691 2584">
     <span class='ocr_line' id='line_1_41' title="bbox 363 2402 1687 2449; baseline 0.001 -13"><span class='ocrx_word' id='word_1_279' title='bbox 363 2403 420 2446; x_wconf 87' lang='lat' dir='ltr'>qui</span> <span class='ocrx_word' id='word_1_280' title='bbox 439 2403 630 2448; x_wconf 74' lang='lat' dir='ltr'>praegressus</span> <span class='ocrx_word' id='word_1_281' title='bbox 647 2406 768 2440; x_wconf 73' lang='lat' dir='ltr'>fuerat.</span> <span class='ocrx_word' id='word_1_282' title='bbox 789 2402 892 2447; x_wconf 78' lang='lat' dir='ltr'>Posset</span> <span class='ocrx_word' id='word_1_283' title='bbox 920 2403 1038 2438; x_wconf 83' lang='lat' dir='ltr'>elicere</span> <span class='ocrx_word' id='word_1_284' title='bbox 1061 2404 1168 2437; x_wconf 85' lang='lat' dir='ltr'>hostes</span> <span class='ocrx_word' id='word_1_285' title='bbox 1195 2404 1237 2437; x_wconf 90' lang='lat' dir='ltr'>ad</span> <span class='ocrx_word' id='word_1_286' title='bbox 1257 2415 1416 2448; x_wconf 82' lang='lat' dir='ltr'>pugnam.</span> <span class='ocrx_word' id='word_1_287' title='bbox 1462 2406 1520 2449; x_wconf 79' lang='lat'>(4)</span> <span class='ocrx_word' id='word_1_288' title='bbox 1531 2405 1582 2438; x_wconf 91' lang='lat' dir='ltr'>Sic</span> <span class='ocrx_word' id='word_1_289' title='bbox 1598 2405 1687 2438; x_wconf 63' lang='lat' dir='ltr'>insti</span> 
     </span>
     <span class='ocr_line' id='line_1_42' title="bbox 359 2452 1689 2495; baseline 0.002 -13"><span class='ocrx_word' id='word_1_290' title='bbox 359 2452 383 2482; x_wconf 87' lang='lat' dir='ltr'>l.</span> <span class='ocrx_word' id='word_1_291' title='bbox 402 2460 457 2489; x_wconf 79' lang='lat'>30.</span> <span class='ocrx_word' id='word_1_292' title='bbox 473 2463 500 2482; x_wconf 90' lang='lat' dir='ltr'>c.</span> <span class='ocrx_word' id='word_1_293' title='bbox 519 2461 570 2490; x_wconf 78' lang='lat'>35.</span> <span class='ocrx_word' id='word_1_294' title='bbox 595 2453 730 2483; x_wconf 79' lang='lat' dir='ltr'>Prtmum</span> <span class='ocrx_word' id='word_1_295' title='bbox 747 2454 876 2482; x_wconf 82' lang='lat' dir='ltr'>ardorem</span> <span class='ocrx_word' id='word_1_296' title='bbox 892 2460 976 2494; x_wconf 81' lang='lat' dir='ltr'>atque</span> <span class='ocrx_word' id='word_1_297' title='bbox 991 2454 1123 2495; x_wconf 68' lang='lat' dir='ltr'>impetum</span> <span class='ocrx_word' id='word_1_298' title='bbox 1139 2452 1251 2494; x_wconf 60' lang='lat' dir='ltr'>hqstium</span> <span class='ocrx_word' id='word_1_299' title='bbox 1266 2455 1441 2494; x_wconf 78' lang='lat' dir='ltr'>excipientes.</span> <span class='ocrx_word' id='word_1_300' title='bbox 1486 2453 1546 2494; x_wconf 83' lang='lat'>(5)</span> <span class='ocrx_word' id='word_1_301' title='bbox 1561 2453 1689 2484; x_wconf 79' lang='lat' dir='ltr'>Exoriri</span> 
     </span>
     <span class='ocr_line' id='line_1_43' title="bbox 360 2496 1691 2584; baseline 0.002 -56"><span class='ocrx_word' id='word_1_302' title='bbox 360 2496 535 2575; x_wconf 41' lang='lat' dir='ltr'>§Zpecdiqciqt</span> <span class='ocrx_word' id='word_1_303' title='bbox 550 2497 752 2584; x_wconf 48' lang='lat' dir='ltr'>{Agusceqsg</span> <span class='ocrx_word' id='word_1_304' title='bbox 773 2497 831 2540; x_wconf 90' lang='lat' dir='ltr'>qui</span> <span class='ocrx_word' id='word_1_305' title='bbox 855 2508 894 2530; x_wconf 85' lang='lat' dir='ltr'>ex</span> <span class='ocrx_word' id='word_1_306' title='bbox 909 2496 1033 2531; x_wconf 82' lang='lat' dir='ltr'>infidiis</span> <span class='ocrx_word' id='word_1_307' title='bbox 1062 2497 1277 2541; x_wconf 84' lang='lat' dir='ltr'>consurgunt.</span> <span class='ocrx_word' id='word_1_308' title='bbox 1296 2498 1395 2541; x_wconf 69' lang='lat' dir='ltr'>supra</span> <span class='ocrx_word' id='word_1_309' title='bbox 1420 2497 1446 2531; x_wconf 87' lang='lat' dir='ltr'>l.</span> <span class='ocrx_word' id='word_1_310' title='bbox 1464 2507 1520 2532; x_wconf 80' lang='lat'>21.</span> <span class='ocrx_word' id='word_1_311' title='bbox 1536 2508 1568 2530; x_wconf 87' lang='lat' dir='ltr'>c.</span> <span class='ocrx_word' id='word_1_312' title='bbox 1582 2508 1640 2539; x_wconf 85' lang='lat'>55.</span> <span class='ocrx_word' id='word_1_313' title='bbox 1666 2499 1691 2532; x_wconf 83' lang='lat'>1.</span> 
     </span>
    </p>
   </div>
   <div class='ocr_carea' id='block_1_7' title="bbox 404 2606 1688 2690">
    <p class='ocr_par' dir='ltr' id='par_1_9' title="bbox 404 2606 1688 2690">
     <span class='ocr_line' id='line_1_44' title="bbox 404 2606 1685 2690; baseline 0.001 -50"><span class='ocrx_word' id='word_1_314' title='bbox 404 2608 443 2640; x_wconf 89' lang='lat' dir='ltr'>C.</span> <span class='ocrx_word' id='word_1_315' title='bbox 454 2618 472 2650; x_wconf 83' lang='lat'><em>3</em></span> <span class='ocrx_word' id='word_1_316' title='bbox 476 2618 508 2649; x_wconf 79' lang='lat'>5.</span> <span class='ocrx_word' id='word_1_317' title='bbox 520 2608 576 2652; x_wconf 83' lang='lat'>(1)</span> <span class='ocrx_word' id='word_1_318' title='bbox 590 2609 642 2643; x_wconf 89' lang='lat' dir='ltr'>Ne</span> <span class='ocrx_word' id='word_1_319' title='bbox 658 2607 709 2642; x_wconf 77' lang='lat' dir='ltr'>bis</span> <span class='ocrx_word' id='word_1_320' title='bbox 720 2618 822 2642; x_wconf 81' lang='lat' dir='ltr'>unam</span> <span class='ocrx_word' id='word_1_321' title='bbox 837 2617 908 2642; x_wconf 86' lang='lat' dir='ltr'>rem</span> <span class='ocrx_word' id='word_1_322' title='bbox 925 2617 986 2652; x_wconf 83' lang='lat' dir='ltr'>per</span> <span class='ocrx_word' id='word_1_323' title='bbox 1010 2606 1270 2654; x_wconf 82' lang='lat' dir='ltr'>imprudentiam</span> <span class='ocrx_word' id='word_1_324' title='bbox 1295 2615 1483 2659; x_wconf 50' lang='lat' dir='ltr'>narrarent:</span> <span class='ocrx_word' id='word_1_325' title='bbox 1529 2607 1586 2687; x_wconf 49' lang='grc' dir='ltr'>(κε)</span> <span class='ocrx_word' id='word_1_326' title='bbox 1594 2608 1685 2690; x_wconf 46' lang='grc' dir='ltr'>ἔδυ</span> 
     </span>
     <span class='ocr_line' id='line_1_45' title="bbox 1473 2659 1688 2689; baseline 0.009 -2"><span class='ocrx_word' id='word_1_327' title='bbox 1473 2659 1557 2688; x_wconf 82' lang='lat' dir='ltr'>mter</span> <span class='ocrx_word' id='word_1_328' title='bbox 1574 2665 1591 2688; x_wconf 82' lang='lat' dir='ltr'>e</span> <span class='ocrx_word' id='word_1_329' title='bbox 1651 2664 1688 2689; x_wconf 66' lang='lat' dir='ltr'>m</span> 
     </span>
    </p>
   </div>
  </div>
 </body>
</html>
