<?xml version="1.0" encoding="UTF-8"?>
<!DOCTYPE html PUBLIC "-//W3C//DTD XHTML 1.0 Transitional//EN"
    "http://www.w3.org/TR/xhtml1/DTD/xhtml1-transitional.dtd">
<html xmlns="http://www.w3.org/1999/xhtml" xml:lang="en" lang="en">
 <head>
  <title>
</title>
<meta http-equiv="Content-Type" content="text/html;charset=utf-8" />
  <meta name='ocr-system' content='tesseract 3.04.00' />
  <meta name='ocr-capabilities' content='ocr_page ocr_carea ocr_par ocr_line ocrx_word'/>
</head>
<body>
  <div class='ocr_page' id='page_1' title='image "./historiaeromanae02livyuoft_0420.png"; bbox 0 0 1834 3099; ppageno 0'>
   <div class='ocr_carea' id='block_1_1' title="bbox 214 196 270 230">
    <p class='ocr_par' dir='ltr' id='par_1_1' title="bbox 214 196 270 230">
     <span class='ocr_line' id='line_1_1' title="bbox 214 196 270 230; baseline 0 0"><span class='ocrx_word' id='word_1_1' title='bbox 214 196 270 230; x_wconf 84' lang='lat'>22</span> 
     </span>
    </p>
   </div>
   <div class='ocr_carea' id='block_1_2' title="bbox 211 743 399 830">
    <p class='ocr_par' dir='ltr' id='par_1_2' title="bbox 211 743 399 830">
     <span class='ocr_line' id='line_1_2' title="bbox 211 743 399 785; baseline -0.016 -11"><span class='ocrx_word' id='word_1_2' title='bbox 211 744 319 785; x_wconf 71' lang='lat' dir='ltr'>Legati</span> <span class='ocrx_word' id='word_1_3' title='bbox 358 743 399 772; x_wconf 76' lang='lat' dir='ltr'>ad</span> 
     </span>
     <span class='ocr_line' id='line_1_3' title="bbox 211 789 392 830; baseline -0.006 -11"><span class='ocrx_word' id='word_1_4' title='bbox 211 790 296 820; x_wconf 79' lang='lat' dir='ltr'>Rom.</span> <span class='ocrx_word' id='word_1_5' title='bbox 312 789 392 830; x_wconf 68' lang='lat' dir='ltr'>mfffi-</span> 
     </span>
    </p>
   </div>
   <div class='ocr_carea' id='block_1_3' title="bbox 208 893 416 1014">
    <p class='ocr_par' dir='ltr' id='par_1_3' title="bbox 208 893 416 1014">
     <span class='ocr_line' id='line_1_4' title="bbox 212 893 413 922; baseline 0.005 0"><span class='ocrx_word' id='word_1_6' title='bbox 212 893 334 922; x_wconf 73' lang='lat' dir='ltr'>Virrius</span> <span class='ocrx_word' id='word_1_7' title='bbox 353 905 413 922; x_wconf 85' lang='lat' dir='ltr'>cum</span> 
     </span>
     <span class='ocr_line' id='line_1_5' title="bbox 211 938 415 976; baseline -0.005 -8"><span class='ocrx_word' id='word_1_8' title='bbox 211 945 251 975; x_wconf 84' lang='lat'>27</span> <span class='ocrx_word' id='word_1_9' title='bbox 266 938 415 976; x_wconf 65' lang='lat' dir='ltr'>spantori-</span> 
     </span>
     <span class='ocr_line' id='line_1_6' title="bbox 208 982 416 1014; baseline 0.01 -2"><span class='ocrx_word' id='word_1_10' title='bbox 208 982 258 1013; x_wconf 61' lang='grc' dir='ltr'>δικ</span> <span class='ocrx_word' id='word_1_11' title='bbox 280 996 416 1014; x_wconf 67' lang='lat' dir='ltr'>‘vc-uenum</span> 
     </span>
    </p>
   </div>
   <div class='ocr_carea' id='block_1_4' title="bbox 195 1029 299 1068">
    <p class='ocr_par' dir='ltr' id='par_1_4' title="bbox 195 1029 299 1068">
     <span class='ocr_line' id='line_1_7' title="bbox 195 1029 299 1068; baseline -0.01 -9"><span class='ocrx_word' id='word_1_12' title='bbox 195 1029 285 1068; x_wconf 75' lang='lat' dir='ltr'>stanit</span> <span class='ocrx_word' id='word_1_13' title='bbox 292 1051 299 1059; x_wconf 90' lang='lat'>.</span> 
     </span>
    </p>
   </div>
   <div class='ocr_carea' id='block_1_5' title="bbox 198 1772 412 1894">
    <p class='ocr_par' dir='ltr' id='par_1_5' title="bbox 198 1772 412 1894">
     <span class='ocr_line' id='line_1_8' title="bbox 204 1772 412 1812; baseline 0.01 -13"><span class='ocrx_word' id='word_1_14' title='bbox 204 1772 332 1812; x_wconf 66' lang='lat' dir='ltr'>(apuam</span> <span class='ocrx_word' id='word_1_15' title='bbox 366 1773 412 1801; x_wconf 79' lang='lat' dir='ltr'>in-</span> 
     </span>
     <span class='ocr_line' id='line_1_9' title="bbox 198 1819 375 1856; baseline 0.006 -11"><span class='ocrx_word' id='word_1_16' title='bbox 198 1819 375 1856; x_wconf 73' lang='lat' dir='ltr'>grediuntur</span> 
     </span>
     <span class='ocr_line' id='line_1_10' title="bbox 204 1863 343 1894; baseline 0.022 -3"><span class='ocrx_word' id='word_1_17' title='bbox 204 1863 343 1894; x_wconf 65' lang='lat' dir='ltr'>Romani.</span> 
     </span>
    </p>
   </div>
   <div class='ocr_carea' id='block_1_6' title="bbox 192 1967 208 1985">
    <p class='ocr_par' dir='ltr' id='par_1_6' title="bbox 192 1967 208 1985">
     <span class='ocr_line' id='line_1_11' title="bbox 192 1967 208 1985; baseline 0 0"><span class='ocrx_word' id='word_1_18' title='bbox 192 1967 208 1985; x_wconf 66' lang='lat' dir='ltr'>X</span> 
     </span>
    </p>
   </div>
   <div class='ocr_carea' id='block_1_7' title="bbox 916 187 1214 230">
    <p class='ocr_par' dir='ltr' id='par_1_7' title="bbox 916 187 1214 230">
     <span class='ocr_line' id='line_1_12' title="bbox 916 187 1214 230; baseline 0.007 -2"><span class='ocrx_word' id='word_1_19' title='bbox 916 187 971 230; x_wconf 91' lang='lat' dir='ltr'>T.</span> <span class='ocrx_word' id='word_1_20' title='bbox 1016 188 1214 230; x_wconf 83' lang='lat' dir='ltr'><strong>LIVII</strong></span> 
     </span>
    </p>
   </div>
   <div class='ocr_carea' id='block_1_8' title="bbox 425 302 1762 2297">
    <p class='ocr_par' dir='ltr' id='par_1_8' title="bbox 425 302 1762 479">
     <span class='ocr_line' id='line_1_13' title="bbox 441 302 1761 361; baseline 0.004 -21"><span class='ocrx_word' id='word_1_21' title='bbox 441 303 614 342; x_wconf 71' lang='lat' dir='ltr'>exanIma</span> <span class='ocrx_word' id='word_1_22' title='bbox 647 302 831 357; x_wconf 64' lang='lat' dir='ltr'>injiciant.</span> <span class='ocrx_word' id='word_1_23' title='bbox 894 304 988 345; x_wconf 86' lang='lat' dir='ltr'>Haec</span> <span class='ocrx_word' id='word_1_24' title='bbox 1017 321 1093 346; x_wconf 83' lang='lat' dir='ltr'>una</span> <span class='ocrx_word' id='word_1_25' title='bbox 1115 306 1183 346; x_wconf 86' lang='lat' dir='ltr'>via</span> <span class='ocrx_word' id='word_1_26' title='bbox 1207 305 1260 348; x_wconf 57' lang='grc' dir='ltr'>ξφ*</span> <span class='ocrx_word' id='word_1_27' title='bbox 1294 303 1435 361; x_wconf 64' lang='lat' dir='ltr'>honfsta</span> <span class='ocrx_word' id='word_1_28' title='bbox 1469 304 1522 348; x_wconf 65' lang='lat'>{9³</span> <span class='ocrx_word' id='word_1_29' title='bbox 1561 304 1678 345; x_wconf 82' lang='lat' dir='ltr'>libera</span> <span class='ocrx_word' id='word_1_30' title='bbox 1707 305 1761 346; x_wconf 83' lang='lat' dir='ltr'>ad</span> 
     </span>
     <span class='ocr_line' id='line_1_14' title="bbox 442 361 1762 420; baseline 0.005 -22"><span class='ocrx_word' id='word_1_31' title='bbox 442 369 608 401; x_wconf 83' lang='lat' dir='ltr'>mortem.</span> <span class='ocrx_word' id='word_1_32' title='bbox 645 361 697 403; x_wconf 54' lang='grc' dir='ltr'>ὅδ’</span> <span class='ocrx_word' id='word_1_33' title='bbox 726 361 792 416; x_wconf 79' lang='lat' dir='ltr'>ipſs</span> <span class='ocrx_word' id='word_1_34' title='bbox 825 364 1008 404; x_wconf 76' lang='lat' dir='ltr'>virtutem</span> <span class='ocrx_word' id='word_1_35' title='bbox 1043 366 1284 404; x_wconf 81' lang='lat' dir='ltr'>mirabuntur</span> <span class='ocrx_word' id='word_1_36' title='bbox 1319 364 1442 420; x_wconf 61' lang='grc' dir='ltr'>βψω,</span> <span class='ocrx_word' id='word_1_37' title='bbox 1476 364 1529 407; x_wconf 58' lang='grc' dir='ltr'>ὅδ’</span> <span class='ocrx_word' id='word_1_38' title='bbox 1558 363 1762 404; x_wconf 80' lang='lat' dir='ltr'><em>Hannibal</em></span> 
     </span>
     <span class='ocr_line' id='line_1_15' title="bbox 425 420 1474 479; baseline 0.005 -21"><span class='ocrx_word' id='word_1_39' title='bbox 425 420 555 474; x_wconf 61' lang='lat' dir='ltr'>fomes</span> <span class='ocrx_word' id='word_1_40' title='bbox 573 420 688 474; x_wconf 83' lang='lat' dir='ltr'>socios</span> <span class='ocrx_word' id='word_1_41' title='bbox 705 421 801 476; x_wconf 83' lang='lat' dir='ltr'>sciet</span> <span class='ocrx_word' id='word_1_42' title='bbox 830 423 875 462; x_wconf 82' lang='lat' dir='ltr'>ab</span> <span class='ocrx_word' id='word_1_43' title='bbox 893 423 938 478; x_wconf 77' lang='lat' dir='ltr'>st’</span> <span class='ocrx_word' id='word_1_44' title='bbox 967 423 1121 477; x_wconf 68' lang='lat' dir='ltr'>desertos</span> <span class='ocrx_word' id='word_1_45' title='bbox 1141 439 1184 463; x_wconf 83' lang='lat' dir='ltr'>ac</span> <span class='ocrx_word' id='word_1_46' title='bbox 1208 422 1379 476; x_wconf 84' lang='lat' dir='ltr'>proditos</span> <span class='ocrx_word' id='word_1_47' title='bbox 1396 423 1474 479; x_wconf 76' lang='lat' dir='ltr'>ff.</span> 
     </span>
    </p>

    <p class='ocr_par' dir='ltr' id='par_1_9' title="bbox 425 477 1759 2297">
     <span class='ocr_line' id='line_1_16' title="bbox 498 477 1757 536; baseline 0.003 -19"><span class='ocrx_word' id='word_1_48' title='bbox 498 477 617 518; x_wconf 85' lang='lat' dir='ltr'>XIV.</span> <span class='ocrx_word' id='word_1_49' title='bbox 641 479 761 520; x_wconf 86' lang='lat' dir='ltr'>Hanc</span> <span class='ocrx_word' id='word_1_50' title='bbox 784 481 1009 522; x_wconf 81' lang='lat' dir='ltr'>orationem</span> <span class='ocrx_word' id='word_1_51' title='bbox 1033 481 1160 522; x_wconf 87' lang='lat' dir='ltr'>Virrii</span> <span class='ocrx_word' id='word_1_52' title='bbox 1182 483 1318 536; x_wconf 86' lang='lat' dir='ltr'>plures</span> <span class='ocrx_word' id='word_1_53' title='bbox 1340 481 1557 522; x_wconf 87' lang='lat' dir='ltr'>audierunt</span> <span class='ocrx_word' id='word_1_54' title='bbox 1578 495 1674 522; x_wconf 88' lang='lat' dir='ltr'>cum</span> <span class='ocrx_word' id='word_1_55' title='bbox 1697 481 1757 521; x_wconf 87' lang='lat' dir='ltr'>as-</span> 
     </span>
     <span class='ocr_line' id='line_1_17' title="bbox 437 535 1759 595; baseline 0.003 -19"><span class='ocrx_word' id='word_1_56' title='bbox 437 535 571 588; x_wconf 84' lang='lat' dir='ltr'>sensu,</span> <span class='ocrx_word' id='word_1_57' title='bbox 603 535 727 592; x_wconf 57' lang='lat' dir='ltr'>quim]</span> <span class='ocrx_word' id='word_1_58' title='bbox 749 538 848 579; x_wconf 85' lang='lat' dir='ltr'>forti</span> <span class='ocrx_word' id='word_1_59' title='bbox 869 540 1005 581; x_wconf 86' lang='lat' dir='ltr'>animo</span> <span class='ocrx_word' id='word_1_60' title='bbox 1027 541 1083 589; x_wconf 90' lang='lat' dir='ltr'>id,</span> <span class='ocrx_word' id='word_1_61' title='bbox 1106 541 1214 595; x_wconf 89' lang='lat' dir='ltr'>quod</span> <span class='ocrx_word' id='word_1_62' title='bbox 1239 539 1478 595; x_wconf 78' lang='lat' dir='ltr'>probabant,</span> <span class='ocrx_word' id='word_1_63' title='bbox 1500 539 1664 594; x_wconf 85' lang='lat' dir='ltr'>exsequi</span> <span class='ocrx_word' id='word_1_64' title='bbox 1685 554 1759 594; x_wconf 89' lang='lat' dir='ltr'>po-</span> 
     </span>
     <span class='ocr_line' id='line_1_18' title="bbox 439 597 1757 654; baseline 0.002 -18"><span class='ocrx_word' id='word_1_65' title='bbox 439 605 621 637; x_wconf 89' lang='lat' dir='ltr'>tuerunt.</span> <span class='ocrx_word' id='word_1_66' title='bbox 684 597 822 654; x_wconf 79' lang='lat' dir='ltr'>Major</span> <span class='ocrx_word' id='word_1_67' title='bbox 843 613 935 653; x_wconf 89' lang='lat' dir='ltr'>pars</span> <span class='ocrx_word' id='word_1_68' title='bbox 967 598 1144 648; x_wconf 69' lang='lat' dir='ltr'>senatus,</span> <span class='ocrx_word' id='word_1_69' title='bbox 1178 600 1318 641; x_wconf 79' lang='lat' dir='ltr'>multis</span> <span class='ocrx_word' id='word_1_70' title='bbox 1351 599 1454 654; x_wconf 87' lang='lat' dir='ltr'>saepe</span> <span class='ocrx_word' id='word_1_71' title='bbox 1475 598 1591 639; x_wconf 90' lang='lat' dir='ltr'>bellis</span> <span class='ocrx_word' id='word_1_72' title='bbox 1612 612 1757 653; x_wconf 80' lang='lat' dir='ltr'>exper-</span> 
     </span>
     <span class='ocr_line' id='line_1_19' title="bbox 438 656 1756 710; baseline 0.002 -16"><span class='ocrx_word' id='word_1_73' title='bbox 438 665 522 695; x_wconf 84' lang='lat' dir='ltr'>tam</span> <span class='ocrx_word' id='word_1_74' title='bbox 559 656 699 710; x_wconf 87' lang='lat' dir='ltr'>populi</span> <span class='ocrx_word' id='word_1_75' title='bbox 741 657 921 697; x_wconf 82' lang='lat' dir='ltr'>Romani</span> <span class='ocrx_word' id='word_1_76' title='bbox 965 658 1227 698; x_wconf 82' lang='lat' dir='ltr'>clementiam</span> <span class='ocrx_word' id='word_1_77' title='bbox 1270 658 1380 699; x_wconf 84' lang='lat' dir='ltr'>haud</span> <span class='ocrx_word' id='word_1_78' title='bbox 1421 657 1653 698; x_wconf 81' lang='lat' dir='ltr'>diffidentes</span> <span class='ocrx_word' id='word_1_79' title='bbox 1687 657 1756 698; x_wconf 80' lang='lat' dir='ltr'>fibi</span> 
     </span>
     <span class='ocr_line' id='line_1_20' title="bbox 437 715 1749 772; baseline 0.002 -19"><span class='ocrx_word' id='word_1_80' title='bbox 437 728 602 767; x_wconf 88' lang='lat' dir='ltr'>quoque</span> <span class='ocrx_word' id='word_1_81' title='bbox 636 715 877 770; x_wconf 84' lang='lat' dir='ltr'>placabilem</span> <span class='ocrx_word' id='word_1_82' title='bbox 902 715 1003 766; x_wconf 90' lang='lat' dir='ltr'>fore,</span> <span class='ocrx_word' id='word_1_83' title='bbox 1042 718 1197 772; x_wconf 78' lang='lat' dir='ltr'>legatos</span> <span class='ocrx_word' id='word_1_84' title='bbox 1219 718 1268 758; x_wconf 80' lang='lat' dir='ltr'>ad</span> <span class='ocrx_word' id='word_1_85' title='bbox 1290 717 1521 757; x_wconf 82' lang='lat' dir='ltr'>dedendam</span> <span class='ocrx_word' id='word_1_86' title='bbox 1544 715 1749 756; x_wconf 77' lang='lat' dir='ltr'>Romanis</span> 
     </span>
     <span class='ocr_line' id='line_1_21' title="bbox 437 772 1750 831; baseline 0.002 -19"><span class='ocrx_word' id='word_1_87' title='bbox 437 772 625 827; x_wconf 82' lang='lat' dir='ltr'>Capuam</span> <span class='ocrx_word' id='word_1_88' title='bbox 666 775 949 823; x_wconf 83' lang='lat' dir='ltr'>decreverunt,</span> <span class='ocrx_word' id='word_1_89' title='bbox 997 775 1288 831; x_wconf 82' lang='lat' dir='ltr'>miseruntque.</span> <span class='ocrx_word' id='word_1_90' title='bbox 1349 775 1522 816; x_wconf 85' lang='lat' dir='ltr'>Vibium</span> <span class='ocrx_word' id='word_1_91' title='bbox 1563 774 1750 815; x_wconf 86' lang='lat' dir='ltr'>Virrium</span> 
     </span>
     <span class='ocr_line' id='line_1_22' title="bbox 438 830 1753 889; baseline 0.002 -18"><span class='ocrx_word' id='word_1_92' title='bbox 438 830 591 886; x_wconf 80' lang='lat' dir='ltr'>septem</span> <span class='ocrx_word' id='word_1_93' title='bbox 633 834 671 873; x_wconf 85' lang='lat'>&amp;</span> <span class='ocrx_word' id='word_1_94' title='bbox 706 833 851 889; x_wconf 88' lang='lat' dir='ltr'>viginti</span> <span class='ocrx_word' id='word_1_95' title='bbox 882 833 1011 874; x_wconf 85' lang='lat' dir='ltr'>ferme</span> <span class='ocrx_word' id='word_1_96' title='bbox 1043 833 1246 876; x_wconf 80' lang='lat' dir='ltr'>senatores</span> <span class='ocrx_word' id='word_1_97' title='bbox 1276 835 1448 874; x_wconf 88' lang='lat' dir='ltr'>domum</span> <span class='ocrx_word' id='word_1_98' title='bbox 1486 833 1612 874; x_wconf 86' lang='lat' dir='ltr'>secuti</span> <span class='ocrx_word' id='word_1_99' title='bbox 1645 833 1753 883; x_wconf 84' lang='lat' dir='ltr'>sunt,</span> 
     </span>
     <span class='ocr_line' id='line_1_23' title="bbox 436 890 1752 947; baseline 0.002 -18"><span class='ocrx_word' id='word_1_100' title='bbox 436 890 671 944; x_wconf 84' lang='lat' dir='ltr'>epulatique</span> <span class='ocrx_word' id='word_1_101' title='bbox 707 907 803 932; x_wconf 89' lang='lat' dir='ltr'>cum</span> <span class='ocrx_word' id='word_1_102' title='bbox 826 907 904 941; x_wconf 80' lang='lat' dir='ltr'>eo3</span> <span class='ocrx_word' id='word_1_103' title='bbox 941 895 979 933; x_wconf 86' lang='lat'>&amp;</span> <span class='ocrx_word' id='word_1_104' title='bbox 1020 904 1222 947; x_wconf 85' lang='lat' dir='ltr'>quantum</span> <span class='ocrx_word' id='word_1_105' title='bbox 1260 892 1395 934; x_wconf 83' lang='lat' dir='ltr'>facere</span> <span class='ocrx_word' id='word_1_106' title='bbox 1438 895 1752 947; x_wconf 81' lang='lat' dir='ltr'>(1)p0tuerant,</span> 
     </span>
     <span class='ocr_line' id='line_1_24' title="bbox 436 949 1751 1000; baseline 0.002 -12"><span class='ocrx_word' id='word_1_107' title='bbox 436 949 621 990; x_wconf 84' lang='lat' dir='ltr'>alienatis</span> <span class='ocrx_word' id='word_1_108' title='bbox 643 950 851 991; x_wconf 85' lang='lat' dir='ltr'>mentibus</span> <span class='ocrx_word' id='word_1_109' title='bbox 878 951 975 991; x_wconf 90' lang='lat' dir='ltr'>vino</span> <span class='ocrx_word' id='word_1_110' title='bbox 997 951 1046 992; x_wconf 88' lang='lat' dir='ltr'>ab</span> <span class='ocrx_word' id='word_1_111' title='bbox 1070 952 1322 992; x_wconf 87' lang='lat' dir='ltr'>imminentis</span> <span class='ocrx_word' id='word_1_112' title='bbox 1355 950 1470 992; x_wconf 87' lang='lat' dir='ltr'>sensu</span> <span class='ocrx_word' id='word_1_113' title='bbox 1493 950 1606 1000; x_wconf 85' lang='lat' dir='ltr'>mali,</span> <span class='ocrx_word' id='word_1_114' title='bbox 1628 964 1751 991; x_wconf 89' lang='lat' dir='ltr'>vene-</span> 
     </span>
     <span class='ocr_line' id='line_1_25' title="bbox 435 1008 1753 1066; baseline 0.002 -20"><span class='ocrx_word' id='word_1_115' title='bbox 435 1021 536 1058; x_wconf 88' lang='lat' dir='ltr'>num</span> <span class='ocrx_word' id='word_1_116' title='bbox 571 1021 715 1048; x_wconf 87' lang='lat' dir='ltr'>omnes</span> <span class='ocrx_word' id='word_1_117' title='bbox 757 1008 1041 1063; x_wconf 87' lang='lat' dir='ltr'>sumpserunt:</span> <span class='ocrx_word' id='word_1_118' title='bbox 1072 1010 1166 1050; x_wconf 88' lang='lat' dir='ltr'>inde</span> <span class='ocrx_word' id='word_1_119' title='bbox 1188 1014 1248 1066; x_wconf 86' lang='lat'>(2)</span> <span class='ocrx_word' id='word_1_120' title='bbox 1271 1010 1384 1050; x_wconf 81' lang='lat' dir='ltr'>miffo</span> <span class='ocrx_word' id='word_1_121' title='bbox 1415 1009 1622 1061; x_wconf 90' lang='lat' dir='ltr'>convivio,</span> <span class='ocrx_word' id='word_1_122' title='bbox 1654 1010 1753 1049; x_wconf 85' lang='lat' dir='ltr'>dex·</span> 
     </span>
     <span class='ocr_line' id='line_1_26' title="bbox 436 1065 1750 1123; baseline 0.003 -18"><span class='ocrx_word' id='word_1_123' title='bbox 436 1066 508 1106; x_wconf 83' lang='lat' dir='ltr'>tris</span> <span class='ocrx_word' id='word_1_124' title='bbox 545 1065 652 1106; x_wconf 86' lang='lat' dir='ltr'>inter</span> <span class='ocrx_word' id='word_1_125' title='bbox 689 1066 727 1107; x_wconf 90' lang='lat' dir='ltr'>se</span> <span class='ocrx_word' id='word_1_126' title='bbox 756 1068 860 1108; x_wconf 84' lang='lat' dir='ltr'>datis</span> <span class='ocrx_word' id='word_1_127' title='bbox 894 1068 1122 1122; x_wconf 88' lang='lat' dir='ltr'>ultimoque</span> <span class='ocrx_word' id='word_1_128' title='bbox 1155 1071 1391 1123; x_wconf 87' lang='lat' dir='ltr'>complexu,</span> <span class='ocrx_word' id='word_1_129' title='bbox 1423 1067 1750 1109; x_wconf 80' lang='lat' dir='ltr'>collacrimantes</span> 
     </span>
     <span class='ocr_line' id='line_1_27' title="bbox 434 1123 1750 1181; baseline 0.002 -17"><span class='ocrx_word' id='word_1_130' title='bbox 434 1123 553 1164; x_wconf 89' lang='lat' dir='ltr'>suum</span> <span class='ocrx_word' id='word_1_131' title='bbox 587 1124 811 1180; x_wconf 74' lang='lat' dir='ltr'>patriaeque</span> <span class='ocrx_word' id='word_1_132' title='bbox 833 1126 986 1176; x_wconf 80' lang='lat' dir='ltr'>casum,</span> <span class='ocrx_word' id='word_1_133' title='bbox 1019 1127 1102 1176; x_wconf 88' lang='lat' dir='ltr'>alii,</span> <span class='ocrx_word' id='word_1_134' title='bbox 1134 1137 1179 1168; x_wconf 87' lang='lat' dir='ltr'>ut</span> <span class='ocrx_word' id='word_1_135' title='bbox 1210 1128 1355 1168; x_wconf 88' lang='lat' dir='ltr'>eodem</span> <span class='ocrx_word' id='word_1_136' title='bbox 1389 1140 1490 1181; x_wconf 90' lang='lat' dir='ltr'>rogo</span> <span class='ocrx_word' id='word_1_137' title='bbox 1519 1139 1750 1167; x_wconf 79' lang='lat' dir='ltr'>cremaren-</span> 
     </span>
     <span class='ocr_line' id='line_1_28' title="bbox 433 1182 1750 1241; baseline 0.002 -18"><span class='ocrx_word' id='word_1_138' title='bbox 433 1193 516 1232; x_wconf 87' lang='lat' dir='ltr'>tur,</span> <span class='ocrx_word' id='word_1_139' title='bbox 548 1182 812 1234; x_wconf 81' lang='lat' dir='ltr'>manserunt3</span> <span class='ocrx_word' id='word_1_140' title='bbox 847 1186 912 1225; x_wconf 83' lang='lat' dir='ltr'>alii</span> <span class='ocrx_word' id='word_1_141' title='bbox 936 1186 1081 1227; x_wconf 83' lang='lat' dir='ltr'>domos</span> <span class='ocrx_word' id='word_1_142' title='bbox 1102 1186 1259 1241; x_wconf 83' lang='lat' dir='ltr'>digreffi</span> <span class='ocrx_word' id='word_1_143' title='bbox 1283 1186 1388 1227; x_wconf 85' lang='lat' dir='ltr'>sunt.</span> <span class='ocrx_word' id='word_1_144' title='bbox 1450 1185 1634 1239; x_wconf 85' lang='lat' dir='ltr'>lmpletae</span> <span class='ocrx_word' id='word_1_145' title='bbox 1649 1184 1750 1226; x_wconf 86' lang='lat' dir='ltr'>cibis</span> 
     </span>
     <span class='ocr_line' id='line_1_29' title="bbox 433 1241 1750 1296; baseline 0.002 -15"><span class='ocrx_word' id='word_1_146' title='bbox 433 1242 610 1296; x_wconf 90' lang='lat' dir='ltr'>vinoque</span> <span class='ocrx_word' id='word_1_147' title='bbox 631 1252 745 1284; x_wconf 71' lang='lat' dir='ltr'>venae</span> <span class='ocrx_word' id='word_1_148' title='bbox 769 1241 906 1284; x_wconf 65' lang='lat' dir='ltr'>minus</span> <span class='ocrx_word' id='word_1_149' title='bbox 929 1244 1137 1284; x_wconf 86' lang='lat' dir='ltr'>efficacem</span> <span class='ocrx_word' id='word_1_150' title='bbox 1160 1246 1201 1284; x_wconf 86' lang='lat' dir='ltr'>in</span> <span class='ocrx_word' id='word_1_151' title='bbox 1225 1244 1467 1285; x_wconf 64' lang='lat' dir='ltr'>maturanda</span> <span class='ocrx_word' id='word_1_152' title='bbox 1499 1253 1630 1284; x_wconf 86' lang='lat' dir='ltr'>morte</span> <span class='ocrx_word' id='word_1_153' title='bbox 1666 1243 1750 1284; x_wconf 88' lang='lat' dir='ltr'>vim</span> 
     </span>
     <span class='ocr_line' id='line_1_30' title="bbox 431 1301 1752 1358; baseline 0.001 -18"><span class='ocrx_word' id='word_1_154' title='bbox 431 1301 580 1341; x_wconf 71' lang='lat' dir='ltr'>veneni</span> <span class='ocrx_word' id='word_1_155' title='bbox 602 1301 802 1344; x_wconf 86' lang='lat' dir='ltr'>fecerunt.</span> <span class='ocrx_word' id='word_1_156' title='bbox 840 1303 976 1357; x_wconf 76' lang='lat' dir='ltr'>itaque</span> <span class='ocrx_word' id='word_1_157' title='bbox 1008 1304 1177 1344; x_wconf 73' lang='grc' dir='ltr'>ηοξὶεῐη</span> <span class='ocrx_word' id='word_1_158' title='bbox 1209 1313 1336 1344; x_wconf 88' lang='lat' dir='ltr'>totam</span> <span class='ocrx_word' id='word_1_159' title='bbox 1369 1303 1554 1358; x_wconf 85' lang='lat' dir='ltr'>plerique</span> <span class='ocrx_word' id='word_1_160' title='bbox 1590 1315 1752 1351; x_wconf 79' lang='lat' dir='ltr'>eorum,</span> 
     </span>
     <span class='ocr_line' id='line_1_31' title="bbox 433 1359 1753 1416; baseline -0.001 -15"><span class='ocrx_word' id='word_1_161' title='bbox 433 1361 478 1401; x_wconf 64' lang='lat' dir='ltr'>ac</span> <span class='ocrx_word' id='word_1_162' title='bbox 500 1359 580 1400; x_wconf 87' lang='lat' dir='ltr'>diei</span> <span class='ocrx_word' id='word_1_163' title='bbox 608 1360 858 1415; x_wconf 87' lang='lat' dir='ltr'>insequentis</span> <span class='ocrx_word' id='word_1_164' title='bbox 877 1372 1035 1416; x_wconf 84' lang='lat' dir='ltr'>partem</span> <span class='ocrx_word' id='word_1_165' title='bbox 1071 1376 1199 1416; x_wconf 89' lang='lat' dir='ltr'>quum</span> <span class='ocrx_word' id='word_1_166' title='bbox 1233 1362 1412 1403; x_wconf 84' lang='lat' dir='ltr'>animam</span> <span class='ocrx_word' id='word_1_167' title='bbox 1433 1360 1630 1416; x_wconf 87' lang='lat' dir='ltr'>egissent;</span> <span class='ocrx_word' id='word_1_168' title='bbox 1662 1374 1753 1401; x_wconf 91' lang='lat' dir='ltr'>om-</span> 
     </span>
     <span class='ocr_line' id='line_1_32' title="bbox 432 1419 1747 1475; baseline 0.001 -17"><span class='ocrx_word' id='word_1_169' title='bbox 432 1431 505 1459; x_wconf 82' lang='lat' dir='ltr'>nes</span> <span class='ocrx_word' id='word_1_170' title='bbox 545 1428 700 1471; x_wconf 83' lang='lat' dir='ltr'>tamen,</span> <span class='ocrx_word' id='word_1_171' title='bbox 731 1420 968 1475; x_wconf 86' lang='lat' dir='ltr'>priusquam</span> <span class='ocrx_word' id='word_1_172' title='bbox 992 1422 1248 1475; x_wconf 85' lang='lat' dir='ltr'>aperirentur</span> <span class='ocrx_word' id='word_1_173' title='bbox 1278 1419 1462 1461; x_wconf 83' lang='lat' dir='ltr'>hostibus</span> <span class='ocrx_word' id='word_1_174' title='bbox 1493 1429 1637 1473; x_wconf 84' lang='lat' dir='ltr'>portae,</span> <span class='ocrx_word' id='word_1_175' title='bbox 1670 1432 1747 1459; x_wconf 88' lang='lat' dir='ltr'>ex-</span> 
     </span>
     <span class='ocr_line' id='line_1_33' title="bbox 434 1476 1749 1534; baseline 0.002 -18"><span class='ocrx_word' id='word_1_176' title='bbox 434 1476 651 1531; x_wconf 70' lang='lat' dir='ltr'>spirarunt.</span> <span class='ocrx_word' id='word_1_177' title='bbox 712 1478 880 1520; x_wconf 89' lang='lat' dir='ltr'>Postero</span> <span class='ocrx_word' id='word_1_178' title='bbox 903 1480 967 1519; x_wconf 89' lang='lat' dir='ltr'>die</span> <span class='ocrx_word' id='word_1_179' title='bbox 991 1489 1108 1533; x_wconf 86' lang='lat' dir='ltr'>porta</span> <span class='ocrx_word' id='word_1_180' title='bbox 1128 1480 1259 1532; x_wconf 85' lang='lat' dir='ltr'>Jovis,</span> <span class='ocrx_word' id='word_1_181' title='bbox 1291 1493 1383 1534; x_wconf 86' lang='lat' dir='ltr'>quae</span> <span class='ocrx_word' id='word_1_182' title='bbox 1405 1478 1598 1519; x_wconf 74' lang='lat' dir='ltr'>adversus</span> <span class='ocrx_word' id='word_1_183' title='bbox 1620 1477 1749 1518; x_wconf 83' lang='lat' dir='ltr'>castra</span> 
     </span>
     <span class='ocr_line' id='line_1_34' title="bbox 433 1535 1750 1594; baseline 0.001 -19"><span class='ocrx_word' id='word_1_184' title='bbox 433 1535 626 1576; x_wconf 83' lang='lat' dir='ltr'>Romana</span> <span class='ocrx_word' id='word_1_185' title='bbox 647 1547 749 1586; x_wconf 84' lang='lat' dir='ltr'>erat,</span> <span class='ocrx_word' id='word_1_186' title='bbox 774 1538 882 1594; x_wconf 75' lang='lat' dir='ltr'>jufl&#39;u</span> <span class='ocrx_word' id='word_1_187' title='bbox 904 1538 1158 1592; x_wconf 84' lang='lat' dir='ltr'>proconsulis</span> <span class='ocrx_word' id='word_1_188' title='bbox 1180 1548 1318 1593; x_wconf 84' lang='lat' dir='ltr'>aperta</span> <span class='ocrx_word' id='word_1_189' title='bbox 1339 1537 1413 1578; x_wconf 86' lang='lat' dir='ltr'>est.</span> <span class='ocrx_word' id='word_1_190' title='bbox 1445 1537 1492 1577; x_wconf 65' lang='lat' dir='ltr'>ea</span> <span class='ocrx_word' id='word_1_191' title='bbox 1526 1536 1750 1577; x_wconf 78' lang='lat' dir='ltr'>intromissa</span> 
     </span>
     <span class='ocr_line' id='line_1_35' title="bbox 431 1594 1747 1651; baseline 0.002 -17"><span class='ocrx_word' id='word_1_192' title='bbox 431 1594 540 1650; x_wconf 89' lang='lat' dir='ltr'>legio</span> <span class='ocrx_word' id='word_1_193' title='bbox 581 1609 661 1636; x_wconf 82' lang='lat' dir='ltr'>una</span> <span class='ocrx_word' id='word_1_194' title='bbox 704 1600 746 1638; x_wconf 87' lang='lat'>&amp;</span> <span class='ocrx_word' id='word_1_195' title='bbox 780 1597 875 1636; x_wconf 82' lang='lat' dir='ltr'>duae</span> <span class='ocrx_word' id='word_1_196' title='bbox 909 1597 1064 1651; x_wconf 82' lang='lat' dir='ltr'>alae(3)‚</span> <span class='ocrx_word' id='word_1_197' title='bbox 1104 1611 1202 1637; x_wconf 90' lang='lat' dir='ltr'>cum</span> <span class='ocrx_word' id='word_1_198' title='bbox 1225 1597 1274 1638; x_wconf 91' lang='lat' dir='ltr'>C.</span> <span class='ocrx_word' id='word_1_199' title='bbox 1311 1595 1457 1637; x_wconf 88' lang='lat' dir='ltr'>Fulvio</span> <span class='ocrx_word' id='word_1_200' title='bbox 1493 1596 1641 1647; x_wconf 71' lang='lat' dir='ltr'>legato.</span> <span class='ocrx_word' id='word_1_201' title='bbox 1705 1595 1747 1636; x_wconf 91' lang='lat' dir='ltr'>Is</span> 
     </span>
     <span class='ocr_line' id='line_1_36' title="bbox 432 1654 1748 1710; baseline 0.001 -17"><span class='ocrx_word' id='word_1_202' title='bbox 432 1667 561 1707; x_wconf 88' lang='lat' dir='ltr'>quum</span> <span class='ocrx_word' id='word_1_203' title='bbox 584 1654 769 1694; x_wconf 86' lang='lat' dir='ltr'>omnium</span> <span class='ocrx_word' id='word_1_204' title='bbox 789 1655 966 1709; x_wconf 88' lang='lat' dir='ltr'>primum</span> <span class='ocrx_word' id='word_1_205' title='bbox 991 1670 1102 1696; x_wconf 86' lang='lat' dir='ltr'>arma</span> <span class='ocrx_word' id='word_1_206' title='bbox 1123 1657 1302 1709; x_wconf 84' lang='lat' dir='ltr'>telaque,</span> <span class='ocrx_word' id='word_1_207' title='bbox 1332 1669 1424 1710; x_wconf 84' lang='lat' dir='ltr'>quae</span> <span class='ocrx_word' id='word_1_208' title='bbox 1439 1655 1594 1709; x_wconf 80' lang='lat' dir='ltr'>Capuae</span> <span class='ocrx_word' id='word_1_209' title='bbox 1616 1663 1748 1702; x_wconf 87' lang='lat' dir='ltr'>erant,</span> 
     </span>
     <span class='ocr_line' id='line_1_37' title="bbox 432 1711 1750 1767; baseline 0 -15"><span class='ocrx_word' id='word_1_210' title='bbox 432 1713 482 1752; x_wconf 87' lang='lat' dir='ltr'>ad</span> <span class='ocrx_word' id='word_1_211' title='bbox 512 1712 551 1753; x_wconf 87' lang='lat' dir='ltr'>se</span> <span class='ocrx_word' id='word_1_212' title='bbox 573 1712 821 1753; x_wconf 85' lang='lat' dir='ltr'>conferenda</span> <span class='ocrx_word' id='word_1_213' title='bbox 844 1714 1029 1764; x_wconf 69' lang='lat' dir='ltr'>curasset,</span> <span class='ocrx_word' id='word_1_214' title='bbox 1060 1714 1254 1755; x_wconf 88' lang='lat' dir='ltr'>custodiis</span> <span class='ocrx_word' id='word_1_215' title='bbox 1275 1715 1324 1754; x_wconf 89' lang='lat' dir='ltr'>ad</span> <span class='ocrx_word' id='word_1_216' title='bbox 1345 1727 1490 1755; x_wconf 87' lang='lat' dir='ltr'>omnes</span> <span class='ocrx_word' id='word_1_217' title='bbox 1511 1723 1649 1767; x_wconf 84' lang='lat' dir='ltr'>portas</span> <span class='ocrx_word' id='word_1_218' title='bbox 1668 1711 1750 1753; x_wconf 83' lang='lat' dir='ltr'>dis-</span> 
     </span>
     <span class='ocr_line' id='line_1_38' title="bbox 430 1771 1746 1828; baseline 0 -18"><span class='ocrx_word' id='word_1_219' title='bbox 430 1771 585 1824; x_wconf 75' lang='lat' dir='ltr'>positis,</span> <span class='ocrx_word' id='word_1_220' title='bbox 617 1785 668 1812; x_wconf 90' lang='lat' dir='ltr'>ne</span> <span class='ocrx_word' id='word_1_221' title='bbox 691 1771 782 1826; x_wconf 81' lang='lat' dir='ltr'>quis</span> <span class='ocrx_word' id='word_1_222' title='bbox 804 1772 913 1812; x_wconf 85' lang='lat' dir='ltr'>exire</span> <span class='ocrx_word' id='word_1_223' title='bbox 937 1782 1007 1812; x_wconf 86' lang='lat' dir='ltr'>aut</span> <span class='ocrx_word' id='word_1_224' title='bbox 1028 1773 1159 1813; x_wconf 86' lang='lat' dir='ltr'>emitti</span> <span class='ocrx_word' id='word_1_225' title='bbox 1192 1773 1334 1828; x_wconf 79' lang='lat' dir='ltr'>posset,</span> <span class='ocrx_word' id='word_1_226' title='bbox 1363 1772 1594 1827; x_wconf 61' lang='lat' dir='ltr'>praesidium</span> <span class='ocrx_word' id='word_1_227' title='bbox 1617 1771 1746 1812; x_wconf 86' lang='lat' dir='ltr'>Puni·</span> 
     </span>
     <span class='ocr_line' id='line_1_39' title="bbox 431 1829 1746 1886; baseline 0 -17"><span class='ocrx_word' id='word_1_228' title='bbox 431 1843 527 1869; x_wconf 90' lang='lat' dir='ltr'>cum</span> <span class='ocrx_word' id='word_1_229' title='bbox 564 1830 892 1884; x_wconf 87' lang='lat' dir='ltr'>comprehendit,</span> <span class='ocrx_word' id='word_1_230' title='bbox 926 1830 1110 1871; x_wconf 81' lang='lat' dir='ltr'>senatum</span> <span class='ocrx_word' id='word_1_231' title='bbox 1154 1832 1417 1886; x_wconf 83' lang='lat' dir='ltr'>Campanum</span> <span class='ocrx_word' id='word_1_232' title='bbox 1449 1830 1507 1871; x_wconf 84' lang='lat' dir='ltr'>ire</span> <span class='ocrx_word' id='word_1_233' title='bbox 1539 1830 1581 1869; x_wconf 91' lang='lat' dir='ltr'>in</span> <span class='ocrx_word' id='word_1_234' title='bbox 1617 1829 1746 1870; x_wconf 84' lang='lat' dir='ltr'>castra</span> 
     </span>
     <span class='ocr_line' id='line_1_40' title="bbox 429 1888 1747 1945; baseline 0.001 -18"><span class='ocrx_word' id='word_1_235' title='bbox 429 1889 479 1928; x_wconf 84' lang='lat' dir='ltr'>ad</span> <span class='ocrx_word' id='word_1_236' title='bbox 497 1888 763 1942; x_wconf 85' lang='lat' dir='ltr'>imperatores</span> <span class='ocrx_word' id='word_1_237' title='bbox 785 1889 1137 1945; x_wconf 83' lang='lat' dir='ltr'>Romanosjuffit.</span> <span class='ocrx_word' id='word_1_238' title='bbox 1178 1889 1262 1944; x_wconf 78' lang='lat' dir='ltr'>quo</span> <span class='ocrx_word' id='word_1_239' title='bbox 1282 1904 1412 1944; x_wconf 92' lang='lat' dir='ltr'>quum</span> <span class='ocrx_word' id='word_1_240' title='bbox 1434 1888 1644 1938; x_wconf 85' lang='lat' dir='ltr'>veniffent‚</span> <span class='ocrx_word' id='word_1_241' title='bbox 1674 1901 1747 1929; x_wconf 80' lang='lat' dir='ltr'>ex-</span> 
     </span>
     <span class='ocr_line' id='line_1_41' title="bbox 429 1946 1745 2005; baseline 0.002 -19"><span class='ocrx_word' id='word_1_242' title='bbox 429 1949 584 2001; x_wconf 85' lang='lat' dir='ltr'>ternplo</span> <span class='ocrx_word' id='word_1_243' title='bbox 598 1948 661 1989; x_wconf 88' lang='lat' dir='ltr'>his</span> <span class='ocrx_word' id='word_1_244' title='bbox 682 1948 874 1989; x_wconf 87' lang='lat' dir='ltr'>omnibus</span> <span class='ocrx_word' id='word_1_245' title='bbox 891 1959 1044 1996; x_wconf 80' lang='lat' dir='ltr'>catenae</span> <span class='ocrx_word' id='word_1_246' title='bbox 1061 1948 1429 2005; x_wconf 69' lang='lat' dir='ltr'>inje&amp;ae‚jussique</span> <span class='ocrx_word' id='word_1_247' title='bbox 1452 1949 1501 1988; x_wconf 86' lang='lat' dir='ltr'>ad</span> <span class='ocrx_word' id='word_1_248' title='bbox 1524 1946 1745 2002; x_wconf 85' lang='lat' dir='ltr'>quaestores</span> 
     </span>
     <span class='ocr_line' id='line_1_42' title="bbox 428 2005 1745 2063; baseline 0.001 -18"><span class='ocrx_word' id='word_1_249' title='bbox 428 2005 606 2056; x_wconf 88' lang='lat' dir='ltr'>deferre,</span> <span class='ocrx_word' id='word_1_250' title='bbox 654 2008 765 2060; x_wconf 88' lang='lat' dir='ltr'>quod</span> <span class='ocrx_word' id='word_1_251' title='bbox 810 2007 898 2048; x_wconf 90' lang='lat' dir='ltr'>auri</span> <span class='ocrx_word' id='word_1_252' title='bbox 935 2008 1174 2063; x_wconf 84' lang='lat' dir='ltr'>argentique</span> <span class='ocrx_word' id='word_1_253' title='bbox 1214 2007 1425 2048; x_wconf 86' lang='lat' dir='ltr'>haberent.</span> <span class='ocrx_word' id='word_1_254' title='bbox 1471 2005 1559 2046; x_wconf 90' lang='lat' dir='ltr'>auri</span> <span class='ocrx_word' id='word_1_255' title='bbox 1605 2006 1745 2060; x_wconf 89' lang='lat' dir='ltr'>pondo</span> 
     </span>
     <span class='ocr_line' id='line_1_43' title="bbox 427 2063 1742 2121; baseline 0.002 -18"><span class='ocrx_word' id='word_1_256' title='bbox 427 2063 680 2120; x_wconf 84' lang='lat' dir='ltr'>septuaginta</span> <span class='ocrx_word' id='word_1_257' title='bbox 713 2065 808 2116; x_wconf 86' lang='lat' dir='ltr'>fuit,</span> <span class='ocrx_word' id='word_1_258' title='bbox 842 2067 997 2121; x_wconf 77' lang='lat' dir='ltr'>argenti</span> <span class='ocrx_word' id='word_1_259' title='bbox 1027 2067 1101 2107; x_wconf 89' lang='lat' dir='ltr'>tria</span> <span class='ocrx_word' id='word_1_260' title='bbox 1140 2065 1266 2106; x_wconf 85' lang='lat' dir='ltr'>millia</span> <span class='ocrx_word' id='word_1_261' title='bbox 1303 2067 1443 2120; x_wconf 88' lang='lat' dir='ltr'>pondo</span> <span class='ocrx_word' id='word_1_262' title='bbox 1478 2066 1516 2106; x_wconf 87' lang='lat'>&amp;</span> <span class='ocrx_word' id='word_1_263' title='bbox 1551 2065 1742 2106; x_wconf 58' lang='lat' dir='ltr'>ducenta».</span> 
     </span>
     <span class='ocr_line' id='line_1_44' title="bbox 427 2123 1744 2180; baseline 0 -18"><span class='ocrx_word' id='word_1_264' title='bbox 427 2123 630 2165; x_wconf 84' lang='lat' dir='ltr'>senatores</span> <span class='ocrx_word' id='word_1_265' title='bbox 667 2125 850 2179; x_wconf 87' lang='lat' dir='ltr'>quinque</span> <span class='ocrx_word' id='word_1_266' title='bbox 895 2127 931 2165; x_wconf 75' lang='grc' dir='ltr'>ἃ</span> <span class='ocrx_word' id='word_1_267' title='bbox 971 2125 1115 2180; x_wconf 85' lang='lat' dir='ltr'>viginti</span> <span class='ocrx_word' id='word_1_268' title='bbox 1134 2124 1252 2166; x_wconf 79' lang='lat' dir='ltr'>Cales</span> <span class='ocrx_word' id='word_1_269' title='bbox 1284 2124 1326 2164; x_wconf 92' lang='lat' dir='ltr'>in</span> <span class='ocrx_word' id='word_1_270' title='bbox 1363 2123 1607 2173; x_wconf 86' lang='lat' dir='ltr'>custodiam,</span> <span class='ocrx_word' id='word_1_271' title='bbox 1639 2123 1744 2163; x_wconf 90' lang='lat' dir='ltr'>duo-</span> 
     </span>
     <span class='ocr_line' id='line_1_45' title="bbox 425 2181 1742 2238; baseline 0 -17"><span class='ocrx_word' id='word_1_272' title='bbox 425 2182 640 2237; x_wconf 79' lang='lat' dir='ltr'>detriginta</span> <span class='ocrx_word' id='word_1_273' title='bbox 664 2183 855 2223; x_wconf 86' lang='lat' dir='ltr'>Teanum</span> <span class='ocrx_word' id='word_1_274' title='bbox 879 2183 979 2224; x_wconf 84' lang='lat' dir='ltr'>miffi</span> <span class='ocrx_word' id='word_1_275' title='bbox 998 2199 1007 2224; x_wconf 77' lang='lat' dir='ltr'><em>z</em></span> <span class='ocrx_word' id='word_1_276' title='bbox 1040 2187 1102 2238; x_wconf 80' lang='lat'>(4)</span> <span class='ocrx_word' id='word_1_277' title='bbox 1125 2198 1302 2238; x_wconf 84' lang='lat' dir='ltr'>quorum</span> <span class='ocrx_word' id='word_1_278' title='bbox 1324 2183 1374 2223; x_wconf 92' lang='lat' dir='ltr'>de</span> <span class='ocrx_word' id='word_1_279' title='bbox 1406 2181 1604 2223; x_wconf 61' lang='lat' dir='ltr'>sententia</span> <span class='ocrx_word' id='word_1_280' title='bbox 1625 2194 1742 2222; x_wconf 85' lang='lat' dir='ltr'>max-</span> 
     </span>
     <span class='ocr_line' id='line_1_46' title="bbox 425 2238 1307 2297; baseline 0.003 -18"><span class='ocrx_word' id='word_1_281' title='bbox 425 2238 506 2280; x_wconf 68' lang='lat' dir='ltr'>ime</span> <span class='ocrx_word' id='word_1_282' title='bbox 538 2241 737 2282; x_wconf 85' lang='lat' dir='ltr'>descitum</span> <span class='ocrx_word' id='word_1_283' title='bbox 769 2242 819 2283; x_wconf 85' lang='lat' dir='ltr'>ab</span> <span class='ocrx_word' id='word_1_284' title='bbox 848 2242 1050 2297; x_wconf 82' lang='lat' dir='ltr'>Romanis</span> <span class='ocrx_word' id='word_1_285' title='bbox 1085 2241 1307 2283; x_wconf 85' lang='lat' dir='ltr'>constabat.</span> 
     </span>
    </p>
   </div>
   <div class='ocr_carea' id='block_1_9' title="bbox 419 2377 1740 2734">
    <p class='ocr_par' dir='ltr' id='par_1_10' title="bbox 419 2377 1740 2734">
     <span class='ocr_line' id='line_1_47' title="bbox 470 2377 1737 2420; baseline -0.003 -8"><span class='ocrx_word' id='word_1_286' title='bbox 470 2382 509 2412; x_wconf 90' lang='lat' dir='ltr'>C.</span> <span class='ocrx_word' id='word_1_287' title='bbox 527 2389 577 2417; x_wconf 81' lang='lat'>14.</span> <span class='ocrx_word' id='word_1_288' title='bbox 604 2378 659 2419; x_wconf 82' lang='lat'>(1)</span> <span class='ocrx_word' id='word_1_289' title='bbox 682 2378 822 2411; x_wconf 77' lang='lat' dir='ltr'>Dukero</span> <span class='ocrx_word' id='word_1_290' title='bbox 847 2377 1031 2420; x_wconf 69' lang='lat' dir='ltr'>suspetstum</span> <span class='ocrx_word' id='word_1_291' title='bbox 1050 2377 1093 2410; x_wconf 83' lang='lat' dir='ltr'>est</span> <span class='ocrx_word' id='word_1_292' title='bbox 1120 2379 1154 2410; x_wconf 67' lang='lat' dir='ltr'>orox</span> <span class='ocrx_word' id='word_1_293' title='bbox 1167 2381 1294 2420; x_wconf 79' lang='lat' dir='ltr'>fizcere:</span> <span class='ocrx_word' id='word_1_294' title='bbox 1322 2377 1354 2409; x_wconf 66' lang='grc' dir='ltr'>δε</span> <span class='ocrx_word' id='word_1_295' title='bbox 1381 2378 1467 2409; x_wconf 68' lang='grc' dir='ltr'>εει-τέ</span> <span class='ocrx_word' id='word_1_296' title='bbox 1483 2383 1619 2418; x_wconf 78' lang='lat' dir='ltr'>quantum</span> <span class='ocrx_word' id='word_1_297' title='bbox 1638 2383 1737 2418; x_wconf 72' lang='lat' dir='ltr'>potue-</span> 
     </span>
     <span class='ocr_line' id='line_1_48' title="bbox 424 2421 1737 2462; baseline -0.001 -7"><span class='ocrx_word' id='word_1_298' title='bbox 424 2433 491 2456; x_wconf 79' lang='lat' dir='ltr'>rant</span> <span class='ocrx_word' id='word_1_299' title='bbox 504 2424 651 2456; x_wconf 67' lang='lat' dir='ltr'>usitatius</span> <span class='ocrx_word' id='word_1_300' title='bbox 669 2426 766 2456; x_wconf 77' lang='lat' dir='ltr'>soret.</span> <span class='ocrx_word' id='word_1_301' title='bbox 801 2424 938 2456; x_wconf 82' lang='lat' dir='ltr'>Codices</span> <span class='ocrx_word' id='word_1_302' title='bbox 955 2432 1064 2456; x_wconf 82' lang='lat' dir='ltr'>autem</span> <span class='ocrx_word' id='word_1_303' title='bbox 1084 2435 1196 2456; x_wconf 75' lang='lat' dir='ltr'>omnes</span> <span class='ocrx_word' id='word_1_304' title='bbox 1213 2426 1247 2455; x_wconf 66' lang='grc' dir='ltr'>τὸ</span> <span class='ocrx_word' id='word_1_305' title='bbox 1264 2425 1371 2455; x_wconf 81' lang='lat' dir='ltr'>facere</span> <span class='ocrx_word' id='word_1_306' title='bbox 1387 2423 1550 2454; x_wconf 85' lang='lat' dir='ltr'>retinent.·</span> <span class='ocrx_word' id='word_1_307' title='bbox 1602 2422 1660 2462; x_wconf 86' lang='lat'>(2)</span> <span class='ocrx_word' id='word_1_308' title='bbox 1685 2421 1737 2454; x_wconf 87' lang='lat' dir='ltr'>Sic</span> 
     </span>
     <span class='ocr_line' id='line_1_49' title="bbox 427 2466 1740 2514; baseline -0.002 -13"><span class='ocrx_word' id='word_1_309' title='bbox 427 2473 440 2510; x_wconf 82' lang='grc' dir='ltr'>ΙΙ</span> <span class='ocrx_word' id='word_1_310' title='bbox 459 2475 570 2501; x_wconf 75' lang='lat' dir='ltr'>mittere</span> <span class='ocrx_word' id='word_1_311' title='bbox 591 2473 709 2500; x_wconf 73' lang='lat' dir='ltr'>curiam.</span> <span class='ocrx_word' id='word_1_312' title='bbox 757 2471 874 2511; x_wconf 74' lang='lat' dir='ltr'>Neque</span> <span class='ocrx_word' id='word_1_313' title='bbox 891 2471 988 2500; x_wconf 71' lang='lat' dir='ltr'>aliter</span> <span class='ocrx_word' id='word_1_314' title='bbox 1012 2473 1163 2501; x_wconf 72' lang='lat' dir='ltr'>certamine</span> <span class='ocrx_word' id='word_1_315' title='bbox 1188 2471 1263 2514; x_wconf 66' lang='lat' dir='ltr'>mss&#39;o</span> <span class='ocrx_word' id='word_1_316' title='bbox 1279 2470 1366 2511; x_wconf 80' lang='lat' dir='ltr'>apud</span> <span class='ocrx_word' id='word_1_317' title='bbox 1382 2467 1478 2511; x_wconf 79' lang='lat' dir='ltr'>Virg·</span> <span class='ocrx_word' id='word_1_318' title='bbox 1505 2466 1525 2497; x_wconf 77' lang='lat' dir='ltr'>l·</span> <span class='ocrx_word' id='word_1_319' title='bbox 1548 2476 1583 2505; x_wconf 81' lang='lat'>5.</span> <span class='ocrx_word' id='word_1_320' title='bbox 1600 2468 1679 2498; x_wconf 83' lang='lat' dir='ltr'>AEn.</span> <span class='ocrx_word' id='word_1_321' title='bbox 1707 2477 1740 2499; x_wconf 83' lang='lat' dir='ltr'>V.</span> 
     </span>
     <span class='ocr_line' id='line_1_50' title="bbox 421 2511 1738 2557; baseline 0 -11"><span class='ocrx_word' id='word_1_322' title='bbox 421 2527 500 2555; x_wconf 75' lang='lat'>545.</span> <span class='ocrx_word' id='word_1_323' title='bbox 528 2518 563 2546; x_wconf 80' lang='lat' dir='ltr'>E.</span> <span class='ocrx_word' id='word_1_324' title='bbox 608 2517 665 2555; x_wconf 81' lang='lat'>(3)</span> <span class='ocrx_word' id='word_1_325' title='bbox 692 2514 895 2557; x_wconf 75' lang='lat' dir='ltr'>intelligendi</span> <span class='ocrx_word' id='word_1_326' title='bbox 921 2516 1078 2546; x_wconf 83' lang='lat' dir='ltr'>videntur</span> <span class='ocrx_word' id='word_1_327' title='bbox 1103 2515 1229 2556; x_wconf 80' lang='lat' dir='ltr'>equites</span> <span class='ocrx_word' id='word_1_328' title='bbox 1252 2514 1395 2546; x_wconf 72' lang='lat' dir='ltr'>sociales.</span> <span class='ocrx_word' id='word_1_329' title='bbox 1465 2511 1521 2550; x_wconf 85' lang='lat' dir='ltr'>Hi,</span> <span class='ocrx_word' id='word_1_330' title='bbox 1545 2511 1682 2554; x_wconf 83' lang='lat' dir='ltr'>perinde</span> <span class='ocrx_word' id='word_1_331' title='bbox 1699 2523 1738 2546; x_wconf 80' lang='lat' dir='ltr'>ac</span> 
     </span>
     <span class='ocr_line' id='line_1_51' title="bbox 423 2556 1735 2602; baseline -0.002 -11"><span class='ocrx_word' id='word_1_332' title='bbox 423 2562 590 2602; x_wconf 79' lang='lat' dir='ltr'>peditatus</span> <span class='ocrx_word' id='word_1_333' title='bbox 605 2560 741 2598; x_wconf 83' lang='lat' dir='ltr'>socialis,</span> <span class='ocrx_word' id='word_1_334' title='bbox 757 2560 993 2591; x_wconf 83' lang='lat' dir='ltr'>dividebantur</span> <span class='ocrx_word' id='word_1_335' title='bbox 1010 2572 1028 2592; x_wconf 83' lang='lat' dir='ltr'>a</span> <span class='ocrx_word' id='word_1_336' title='bbox 1046 2560 1204 2591; x_wconf 75' lang='lat' dir='ltr'>Romanis</span> <span class='ocrx_word' id='word_1_337' title='bbox 1221 2560 1255 2591; x_wconf 88' lang='lat' dir='ltr'>in</span> <span class='ocrx_word' id='word_1_338' title='bbox 1273 2560 1341 2591; x_wconf 90' lang='lat' dir='ltr'>duo</span> <span class='ocrx_word' id='word_1_339' title='bbox 1358 2568 1512 2600; x_wconf 87' lang='lat' dir='ltr'>corpora,</span> <span class='ocrx_word' id='word_1_340' title='bbox 1528 2568 1600 2599; x_wconf 84' lang='lat' dir='ltr'>quae</span> <span class='ocrx_word' id='word_1_341' title='bbox 1617 2556 1735 2590; x_wconf 88' lang='lat' dir='ltr'>itidem</span> 
     </span>
     <span class='ocr_line' id='line_1_52' title="bbox 421 2603 1735 2648; baseline -0.001 -13"><span class='ocrx_word' id='word_1_342' title='bbox 421 2606 628 2637; x_wconf 74' lang='lat' dir='ltr'>vocabantur</span> <span class='ocrx_word' id='word_1_343' title='bbox 657 2609 725 2644; x_wconf 68' lang='lat' dir='ltr'>alm,</span> <span class='ocrx_word' id='word_1_344' title='bbox 749 2607 781 2636; x_wconf 66' lang='grc' dir='ltr'><strong>ἃ</strong></span> <span class='ocrx_word' id='word_1_345' title='bbox 811 2614 905 2638; x_wconf 84' lang='lat' dir='ltr'>erant</span> <span class='ocrx_word' id='word_1_346' title='bbox 927 2606 994 2636; x_wconf 67' lang='lat' dir='ltr'>fere</span> <span class='ocrx_word' id='word_1_347' title='bbox 1012 2604 1316 2648; x_wconf 77' lang='lat' dir='ltr'>quadringenorum</span> <span class='ocrx_word' id='word_1_348' title='bbox 1339 2604 1503 2648; x_wconf 80' lang='lat' dir='ltr'>equitum.</span> <span class='ocrx_word' id='word_1_349' title='bbox 1558 2604 1618 2646; x_wconf 83' lang='grc'>(4)</span> <span class='ocrx_word' id='word_1_350' title='bbox 1641 2603 1735 2647; x_wconf 66' lang='lat' dir='ltr'>Qt‘o·</span> 
     </span>
     <span class='ocr_line' id='line_1_53' title="bbox 419 2650 1707 2734; baseline 0.002 -52"><span class='ocrx_word' id='word_1_351' title='bbox 419 2651 601 2694; x_wconf 64' lang='lat' dir='ltr'>praecipuos</span> <span class='ocrx_word' id='word_1_352' title='bbox 619 2652 771 2684; x_wconf 54' lang='lat' dir='ltr'>antiton-cs</span> <span class='ocrx_word' id='word_1_353' title='bbox 787 2650 982 2683; x_wconf 66' lang='lat' dir='ltr'>defeffionis</span> <span class='ocrx_word' id='word_1_354' title='bbox 998 2650 1090 2683; x_wconf 72' lang='lat' dir='ltr'>fiuiss&#39;e</span> <span class='ocrx_word' id='word_1_355' title='bbox 1111 2651 1295 2684; x_wconf 81' lang='lat' dir='ltr'>constabat.</span> <span class='ocrx_word' id='word_1_356' title='bbox 1535 2692 1620 2734; x_wconf 81' lang='lat' dir='ltr'>XV</span> <span class='ocrx_word' id='word_1_357' title='bbox 1664 2691 1707 2733; x_wconf 84' lang='lat' dir='ltr'>D</span> 
     </span>
    </p>

    <p class='ocr_par' dir='ltr' id='par_1_11' title="bbox 1625 2706 1731 2734">
     <span class='ocr_line' id='line_1_54' title="bbox 1625 2706 1731 2734; baseline -0.019 0"><span class='ocrx_word' id='word_1_358' title='bbox 1625 2724 1634 2734; x_wconf 63' lang='grc' dir='ltr'>ι</span> <span class='ocrx_word' id='word_1_359' title='bbox 1709 2706 1731 2732; x_wconf 77' lang='lat' dir='ltr'>C</span> 
     </span>
    </p>
   </div>
  </div>
 </body>
</html>
