1834 3099
154 167 240 220 164

155 321 199 353 U.
217 332 243 353 c.
259 319 338 360 546.

155 379 188 400 a.
210 369 247 399 C.
267 369 342 400 206.

157 447 197 478 L.
215 447 369 487 Veturio,

159 496 351 540 QCaecilio

157 542 251 576 Coss.

157 704 341 739 provincie.

860 162 915 205 T.
960 158 1158 203 L1v11

383 281 507 323 semel
541 281 616 322 toti
652 279 862 322 instaurati
899 279 948 321 ab
991 278 1178 321 aedilibus
1211 277 1357 334 plebis,
1388 275 1452 320 M.
1483 274 1719 334 Pomponio

384 340 603 390 Mathone,
636 343 675 382 δι
716 340 770 396 Q.
797 339 990 380 Mamilio
1022 338 1199 380 Tui-ino.
1257 337 1568 379 Tertiodecimo
1609 352 1718 379 anno

384 400 533 440 Punici
566 399 680 452 belli,
713 400 761 438 1..
788 399 962 440 Veturio
982 398 1157 438 Philone
1189 398 1230 438 ἃ
1255 398 1311 453 Q.
1334 397 1505 438 Caecilio
1540 396 1720 437 Metello

387 458 637 509 consulibus,
673 457 824 499 Bruttii
857 457 1072 507 ambobus,
1105 466 1150 497 ut
1173 471 1269 497 cum
1295 456 1526 498 Hannibale
1562 455 1719 496 bellum

385 528 592 575 gererent,
624 517 834 573 provincia
849 518 1027 557 decreta.
1088 516 1291 557 Praetores
1305 516 1455 556 exinde
1470 513 1599 556 sortiti
1614 514 1720 554 sunt:

386 579 454 619 M.
479 577 672 618 Caecilius
709 577 908 617 Metellus
943 576 1159 626 urbanam,
1193 576 1248 632 Q.
1286 574 1502 615 Mamilius
1537 573 1720 629 peregri-

385 651 501 687 nam,
553 637 602 677 C.
642 635 839 676 Servilius
863 635 1080 685 Siciliam,
1123 634 1192 675 Ti.
1230 634 1431 676 Claudius
1467 632 1716 675 Sardiniam.

386 695 605 737 Exercitus
626 695 681 735 ita
704 694 845 735 divifi:
876 693 1092 735 consulum
1123 693 1255 742 alteri,
1288 707 1413 747 quem
1445 692 1494 732 C.
1517 691 1719 733 Claudius

386 755 534 810 prioris
554 754 650 795 anni
674 753 842 802 consul3
876 753 1007 802 alteri,
1040 767 1164 807 quem
1189 752 1468 810 QClaudius
1491 760 1719 805 propraetor

386 817 463 867 (eae
484 813 592 855 binae
608 813 790 868 legiones
808 816 941 867 erant)
963 813 1191 852 habuifient
1213 812 1458 852 exercitum:
1490 812 1533 850 in
1556 810 1719 850 Etruria

384 875 487 913 duas
509 874 706 913 volonum
728 871 911 927 legiones
934 886 955 911 a
979 871 1026 911 C.
1050 871 1251 911 Terentio
1283 879 1538 926 propraetore
1562 869 1626 909 M.
1647 869 1720 908 Li·

384 932 475 972 vius
498 930 731 986 proconsul,
764 931 831 970 cui
848 940 1116 986 prorogatum
1134 929 1175 969 in
1197 943 1352 970 annum
1370 928 1592 984 imperium
1615 939 1720 980 erat,

386 991 603 1045 acciperet.
629 992 669 1030 δε
705 989 1001 1048 QMamilio‚
1035 999 1093 1038 ut,
1127 989 1294 1044 collegae
1326 987 1614 1044 jurisditffione
1637 997 1719 1027 tra-

378 1051 488 1100 dita,
523 1048 706 1089 Galliam
727 1062 824 1089 cum
847 1048 1047 1096 exercitu,
1082 1048 1148 1087 cui
1183 1048 1231 1088 L.
1252 1048 1421 1089 Porcius
1452 1050 1514 1102 (1)
1537 1060 1719 1101 proprae-

385 1118 451 1148 tor
464 1108 709 1164 praefuerat,
742 1107 963 1158 obtineret,
996 1107 1210 1146 decretum
1243 1106 1327 1146 est:
1355 1105 1563 1162 jussusque
1586 1119 1719 1160 popu-

385 1167 459 1207 lari
477 1181 596 1223 agros
620 1167 857 1217 Gallorum,
891 1166 962 1220 qui
999 1167 1046 1204 ad
1070 1165 1225 1205 Poenos
1248 1164 1320 1206 sub
1358 1166 1581 1206 adventum
1613 1164 1720 1204 Has-

383 1225 566 1267 drubalis
603 1224 853 1266 defecifl'ent.
917 1225 966 1265 C.
989 1225 1161 1265 Servilio
1184 1238 1280 1264 cum
1310 1223 1597 1266 Cannensibus
1618 1225 1721 1263 dua-

383 1285 461 1326 bus
478 1284 727 1341 legionibus,
759 1284 860 1324 sicut
881 1283 930 1325 C.
951 1283 1168 1324 Mamilius
1182 1293 1385 1333 tenuerat,
1407 1283 1546 1324 Sicilia
1564 1284 1720 1324 tuenda

383 1346 493 1385 data.
554 1345 614 1385 Ex
638 1343 825 1384 Sardinia
844 1353 960 1383 vetus
983 1343 1202 1392 exercitus,
1234 1342 1302 1382 cui
1321 1343 1375 1385 A.
1395 1342 1598 1383 Hostilius
1615 1356 1720 1397 prae·

384 1403 536 1455 fuerat,
571 1408 586 1455 Ι]
613 1404 867 1458 deportatus.
899 1416 1048 1442 novam
1073 1402 1296 1457 legionem,
1329 1415 1455 1457 quam
1490 1401 1559 1442 Ti.
1593 1402 1719 1442 Clau-

383 1463 476 1504 dius
499 1463 704 1519 trajiceret
722 1461 874 1510 secum,
906 1461 1094 1502 consules
1112 1460 1453 1516 conscripserunt.
1516 1460 1719 1519 QClau-

383 1523 470 1570 dio,
503 1532 549 1562 ut
569 1521 816 1571 Tarentum,
850 1520 898 1562 C.
923 1520 1102 1560 Hostilio
1128 1518 1312 1569 Tubulo,
1345 1529 1392 1560 ut
1414 1519 1600 1574 Capuam
1622 1533 1720 1574 pro-

384 1580 563 1621 vinciam
603 1579 790 1630 haberet,
821 1590 1088 1634 prorogatum
1131 1578 1173 1618 in
1208 1593 1364 1619 annum
1400 1578 1622 1633 imperium
1643 1579 1718 1622 est.

384 1639 450 1680 M.
473 1639 666 1681 Valerius
688 1637 923 1693 proconsul,
955 1637 1026 1691 qui
1063 1638 1227 1678 tuendae
1250 1636 1357 1679 circa
1378 1637 1563 1680 Siciliam
1594 1639 1721 1683 mari«,

385 1697 498 1738 timae
520 1712 603 1738 orae
624 1696 860 1753 praefuerat,
893 1696 1059 1752 triginta
1089 1697 1261 1738 navibus
1283 1697 1334 1739 C.
1363 1698 1536 1738 Servilio
1570 1698 1719 1754 praebi-

386 1756 438 1797 tis
453 1759 531 1812 (2),
564 1770 659 1797 cum
674 1754 809 1796 cetera
831 1756 945 1796 omni
968 1757 1084 1796 classe
1108 1756 1240 1796 redire
1260 1757 1311 1796 ad
1332 1755 1477 1797 urbem
1493 1758 1639 1814 juss'uS.

440 1815 517 1856 Xl.
551 1815 598 1855 In
616 1815 779 1856 civitate
817 1824 932 1854 tanto
969 1815 1202 1856 discrimine
1239 1813 1335 1855 belli
1366 1815 1552 1867 sollicita,
1583 1833 1718 1872 quum

384 1874 575 1914 omnium
593 1873 868 1914 secundorum
890 1874 1233 1929 adveriorumque
1256 1874 1395 1915 causas
1417 1876 1459 1915 in
1481 1876 1719 1931 Deos†ver-

386 1942 535 1982 terent,
567 1934 697 1972 multa
734 1932 921 1987 prodigia
957 1933 1285 1982 nunciabantur3
1332 1933 1568 1976 Tarracinae
1602 1938 1718 1991 Jovis

384 1993 536 2043 aedem,
567 1991 716 2032 Satrici
752 1992 901 2031 Matris
935 1991 1112 2033 Matutae
1142 1994 1192 2033 de
1225 1992 1333 2035 coelo
1355 1993 1523 2037 tactam.
1587 1997 1718 2038 Satri-

385 2065 511 2091 canos
533 2049 644 2090 haud
666 2047 1040 2095 minus-terrebant
1072 2052 1113 2091 in
1145 2053 1275 2093 aedem
1298 2051 1412 2105 Jovis
1443 2053 1602 2098 foribus
1623 2056 1716 2112 ipsis

387 2111 471 2150 duo
493 2110 661 2164 perlapfi
681 2123 850 2165 angues.
907 2108 976 2150 Ab
1000 2111 1130 2151 Antio
1152 2113 1393 2153 nunciatum
1418 2113 1492 2165 est,
1524 2127 1716 2158 cruentas

387 2169 517 2223 spicas
540 2168 788 2209 metentibus
810 2167 912 2209 visas
937 2169 1026 2209 ess'e.
1093 2170 1208 2211 Caere
1231 2185 1380 2225 porcus
1397 2170 1551 2227 biceps,
1582 2177 1623 2217 &
1646 2190 1716 2232 ag.

387 2242 465 2268 nus
503 2241 590 2268 mas
630 2227 823 2281 idemque
859 2226 1012 2268 femina
1047 2239 1167 2269 natus
1207 2241 1306 2272 erat.
1371 2231 1423 2273 Et
1458 2233 1714 2289 Albae†duo

388 2286 490 2327 soles
508 2286 612 2327 visos
634 2285 889 2326 referebant:
927 2290 964 2327 S<
994 2287 1118 2329 nocte
1140 2289 1335 2345 Fregellis
1355 2291 1490 2332 lucem
1511 2292 1712 2335 obortam.

386 2344 439 2385 Et
461 2345 534 2385 bos
556 2346 597 2384 in
626 2359 723 2400 agro
748 2345 941 2385 Romano
978 2346 1156 2397 locutus,
1191 2349 1231 2389 ἃ
1265 2363 1331 2389 ara
1352 2349 1541 2406 Neptuni
1581 2354 1714 2393 multo

388 2404 532 2444 sudore
555 2404 729 2444 manass'e
756 2405 797 2443 in
816 2404 925 2444 circo
953 2405 1155 2446 Flaminio
1177 2406 1413 2449 dicebatur:
1447 2412 1485 2451 8<
1510 2411 1618 2452 aedes
1634 2411 1716 2451 Ce-

388 2463 504 2515 reris,
535 2462 702 2513 Salutis,
736 2462 972 2522 Qirinide
986 2465 1094 2504 coelo
1112 2465 1243 2507 taitae.
1305 2466 1499 2525 Prodigia
1527 2469 1715 2512 consules

392 2626 395 2629 ,
436 2582 475 2631 C
495 2592 542 2613 10.
558 2581 615 2622 (ι)
642 2564 948 2624 lnimopraetvrsut
968 2583 1090 2614 constat
1105 2595 1142 2615 ex
1161 2595 1190 2616 c.
1209 2593 1264 2624 35.
1294 2585 1315 2617 l.
1344 2594 1399 2624 27.
1430 2585 1541 2629 supra.
1587 2587 1646 2632 (2)
1660 2588 1713 2622 Sic

388 2632 472 2657 :ulra
488 2627 511 2658 l.
532 2638 586 2667 35.
602 2639 629 2657 c.
650 2638 701 2661 ις..
713 2630 841 2669 pubere
853 2632 956 2671 topias.
973 2629 992 2659 l.
1006 2639 1060 2668 45.
1079 2640 1106 2661 c.
1127 2632 1322 2674 ,ςυρψ-ὗσε
1338 2633 1451 2665 milmc.

1568 2677 1713 2721 hostiis·
