1834 3099
170 169 254 212 166
883 156 939 199 T.
980 155 1193 200 L1v11

458 272 554 319 XII.
586 275 699 319 Cum
720 274 954 316 Hannibale
977 274 1077 314 nihil
1095 288 1144 315 eo
1162 288 1270 315 anno
1287 272 1345 315 rei
1363 273 1522 330 gestum
1543 272 1615 315 est.
1633 286 1731 314 nam

399 351 536 391 neque
551 335 633 391 ipse
655 334 693 375 se
714 334 864 375 obtulit
888 335 927 374 in
950 346 1032 373 tam
1052 334 1207 374 recenti
1231 335 1398 374 vulnere
1417 333 1581 388 publico
1598 331 1733 388 priva-

399 407 544 451 toque,
575 407 710 448 neque
728 393 980 434 lacessierunt
999 394 1184 446 quietum
1207 392 1402 432 Romani.
1428 402 1580 432 tantam
1612 391 1733 431 ineffe

401 456 502 504 vim,
534 454 604 494 etsi
627 452 766 494 omnia
788 453 863 493 alia
898 453 1004 492 circa
1025 467 1119 492 cum
1144 462 1326 501 ruerent,
1358 451 1398 490 in
1419 466 1501 491 uno
1534 451 1604 491 illo
1628 451 1732 490 duce

175 517 258 550 Laus
285 515 366 544 ‘'⁰2¹-
403 512 636 556 censebant.
703 512 765 552 Ac
789 511 938 559 nescio,
973 525 1022 550 an
1052 510 1276 551 mirabilior
1308 511 1495 559 adversis,
1528 510 1652 564 quiim
1675 508 1735 548 se-

176 563 292 594 “⁶⁶“²‘'·
405 572 552 614 cundis
573 572 711 619 rebus,
744 569 881 611 fuerit.
907 570 1058 624 quippe
1084 570 1168 623 qui,
1186 583 1313 623 quum
1339 571 1401 623 (1)
1427 572 1463 610 8<
1489 569 1527 608 in
1552 567 1734 608 hostium

403 632 511 672 terrfi
526 644 599 685 per
618 643 746 669 annos
764 630 976 678 tredecim,
1011 641 1091 668 tam
1116 628 1326 683 proculab
1340 629 1478 677 domo,
1511 627 1618 668 varifi
1652 626 1738 666 for-

404 691 504 732 tun&
526 689 681 731 bellum
703 700 861 744 gereret
883 689 1064 727 exercitu
1087 702 1168 727 non
1193 687 1263 726 suo
1287 687 1411 737 civili,
1444 686 1509 727 sed
1533 686 1663 726 mixto
1683 699 1734 725 ex

406 748 639 792 colluvione
677 747 862 787 omnium
896 747 1099 802 gentium,
1131 746 1280 800 quibus
1303 760 1385 785 non
1410 747 1488 795 lex,
1522 759 1603 785 non
1626 759 1736 794 mos,

406 823 491 850 non
526 808 666 862 lingua
696 806 956 854 commu11i53
987 806 1090 845 alius
1117 814 1138 859 Ξῖ
1162 805 1343 852 habitus,
1377 805 1454 844 alia
1488 804 1624 853 vestis,
1657 803 1734 843 alia

407 881 536 916 arma,
570 866 636 905 alii
673 865 792 913 ritus,
825 865 904 905 alia
939 864 1062 913 sacra,
1110 865 1176 904 alii
1220 862 1346 918 prope
1383 863 1466 904 Dei
1495 863 1648 911 ess‘ent;
1682 862 1738 902 ita

407 927 588 981 quodam
612 938 694 964 uno
723 924 887 963 vinculo
910 925 972 977 (2)
996 924 1246 976 copulaverit
1269 937 1355 973 eos,
1386 934 1429 962 ut
1447 923 1558 962 nulla
1580 936 1656 962 nec
1674 922 1738 960 in-

406 994 469 1026 ter
491 983 612 1038 ipsos,
645 996 720 1022 nec
741 979 933 1021 adversus
955 982 1103 1021 ducem
1127 982 1270 1022 seditio
1286 982 1503 1030 exstiterim
1538 994 1667 1034 quum
1692 982 1734 1021 δε

405 1041 581 1098 pecunia
614 1040 717 1093 saepe
755 1039 795 1079 in
838 1040 1102 1094 stipendium,
1133 1042 1170 1080 δε
1201 1052 1456 1091 commeatus
1492 1040 1531 1079 in
1555 1039 1736 1079 hostium

407 1115 506 1157 agro
529 1099 705 1140 deeffent
724 1113 732 1137 ε
768 1113 944 1153 quorum
968 1099 1103 1152 inopi&
1126 1099 1260 1153 priore
1283 1099 1442 1138 Punico
1464 1097 1571 1138 bello
1603 1099 1734 1138 multa

407 1159 579 1201 infanda
610 1158 716 1198 inter
738 1158 864 1197 duces
905 1157 1135 1212 militesque
1169 1157 1377 1198 commissa
1399 1156 1575 1198 fuerant.
1638 1155 1736 1200 Post

407 1217 678 1260 Hasdrubalis
714 1214 812 1256 vero
849 1217 1075 1256 exercitum
1109 1231 1204 1257 cum
1239 1218 1360 1267 duce,
1392 1217 1432 1255 in
1466 1215 1615 1270 quibus
1647 1214 1736 1269 spes

407 1277 544 1317 omnis
565 1276 737 1330 reposita
768 1274 951 1315 viffloriae
971 1274 1122 1325 fuerat,
1157 1276 1353 1324 deletum,
1389 1275 1737 1329 (3)cedendoque

407 1336 451 1376 in
488 1336 685 1390 angulum
720 1334 929 1373 Bruttium
967 1335 1101 1374 ceter&
1132 1334 1247 1374 Itali&
1283 1335 1531 1381 conceffum,
1564 1332 1630 1373 cui
1653 1346 1737 1372 non

406 1395 596 1435 videatur
613 1392 814 1444 mirabile,
847 1394 1006 1432 nullum
1031 1404 1190 1433 motum
1215 1392 1409 1433 incastris
1427 1391 1617 1433 fufium?
1641 1405 1738 1431 nam

408 1454 467 1493 ad'
482 1463 614 1493 cetera
638 1452 677 1491 id
701 1466 867 1506 quoque
890 1452 1118 1499 accefferat,
1152 1463 1257 1491 utne
1276 1452 1409 1492 alendi
1433 1451 1601 1505 quidem
1624 1464 1740 1490 exer-

409 1510 530 1560 citiis,
564 1511 635 1551 nisi
672 1525 720 1550 ex
744 1511 907 1550 Bruttio
942 1525 1053 1565 agro,
1087 1510 1174 1564 spes
1211 1511 1327 1558 effer,
1365 1510 1451 1565 qui,
1483 1515 1569 1562 †ut
1604 1509 1740 1550 omnis

407 1572 629 1621 coleretur,
653 1570 826 1623 exiguus
849 1581 984 1608 tamen
1008 1580 1122 1608 tanto
1145 1570 1291 1608 alendo
1307 1568 1505 1610 exercitui
1523 1578 1608 1609 erat
1625 1583 1633 1609 :
1649 1578 1739 1609 tum

409 1643 602 1683 magnam
644 1639 800 1681 partem
829 1628 1058 1682 juventutis
1081 1627 1324 1668 abstrafflm
1349 1644 1370 1668 a
1401 1629 1514 1669 cultu
1543 1641 1738 1682 agrorum

407 1687 561 1728 bellum
586 1697 871 1740 occupaverat,
909 1689 946 1727 &
972 1700 1061 1726 mos
1093 1690 1156 1740 (4)
1178 1686 1278 1726 vitio
1310 1687 1433 1727 etiam
1463 1686 1604 1727 insitus
1624 1685 1738 1742 genti

409 1760 484 1801 per
504 1745 716 1785 latrocinia
736 1744 923 1784 militiam
945 1746 1175 1785 exercendi.
1199 1760 1274 1785 nec
1298 1745 1346 1786 ab
1368 1748 1492 1786 domo
1515 1745 1739 1799 quicquam

409 1803 665 1850 mittebatur,
717 1805 765 1843 de
800 1803 997 1857 Hispania
1039 1803 1251 1844 retinenda
1292 1804 1486 1854 sollicitis,
1539 1815 1736 1857 tanquam

183 1872 239 1902 Res
259 1871 369 1914 Hispa·
410 1863 548 1904 omnia
563 1861 752 1917 prospera
774 1862 814 1901 in
837 1862 952 1901 Italiii
973 1863 1109 1902 ess‘cnt.
1174 1863 1219 1902 In
1251 1862 1446 1916 Hispani&
1472 1876 1534 1903 res
1556 1863 1737 1916 qufixiam

179 1920 251 1948 ''¹'‘-
409 1937 459 1962 ex
482 1932 596 1976 parte
617 1921 790 1960 eandem
813 1919 1039 1969 fortunam,
1073 1922 1247 1975 qutidam
1268 1921 1386 1976 longe
1405 1921 1604 1976 disparem
1619 1921 1741 1962 habe·

408 1982 535 2022 bant:
567 1980 756 2025 eandem,
790 1978 901 2032 quod
931 1980 1078 2033 proelio
1103 1980 1199 2020 vicii
1222 1979 1599 2034 Karthaginienses,
1632 1982 1737 2021 duce

409 2040 564 2088 amiffo,
598 2039 639 2078 in
674 2038 859 2077 ultimam
892 2038 1101 2093 Hispaniae
1137 2053 1250 2078 oram
1286 2038 1410 2093 usque
1447 2039 1495 2078 ad
1519 2039 1738 2080 Oceanum

409 2097 605 2152 compulsi
648 2107 790 2136 erant:
824 2096 1024 2150 disparem
1064 2107 1217 2146 autem,
1263 2097 1375 2151 quod
1408 2097 1621 2152 Hispania,
1654 2113 1738 2138 non

410 2156 536 2212 quum
572 2155 688 2196 Italia
723 2153 867 2206 modo,
901 2155 967 2196 sed
1004 2153 1130 2210 quhm
1163 2157 1242 2196 ulla
1266 2171 1358 2211 pars
1381 2166 1598 2209 terrarum,
1630 2156 1738 2197 bello

1511 2217 1738 2270 reparando

458 2336 495 2368 C.
517 2333 744 2372 12.(1)Vacat
764 2333 797 2364 τὸ
819 2339 851 2362 et.
901 2333 979 2363 Hrec
997 2340 1107 2366 autem
1137 2332 1254 2365 Livius
1268 2333 1367 2366 vertit
1385 2344 1422 2366 ex
1438 2333 1570 2378 Polybii
1593 2333 1613 2365 l.
1635 2343 1684 2366 11.
1704 2345 1734 2368 c.

414 2389 466 2419 17.
514 2380 571 2420 (2)
584 2379 651 2410 Cic.
667 2379 687 2409 Ι.
706 2388 733 2417 3.
748 2379 789 2409 ad
808 2380 893 2410 Fam.
911 2380 973 2419 Ep.
1000 2390 1029 2416 4.
1045 2393 1096 2409 non
1113 2381 1247 2410 mediocre
1265 2382 1404 2410 vinculum
1423 2382 1488 2412 ..ad
1502 2381 1661 2410 voluntates
1675 2382 1737 2421 ms-

410 2434 476 2457 tras
488 2427 668 2468 copulandas.
716 2426 859 2457 copulare
870 2428 1041 2454 ceamrdiam
1059 2424 1139 2455 dixit
1158 2424 1265 2455 noster
1283 2426 1378 2467 supra
1399 2425 1416 2456 Ι.
1431 2436 1458 2462 4,
1479 2435 1509 2456 ς.
1524 2435 1575 2464 43.
1621 2425 1678 2466 (3)
1695 2426 1736 2455 Et

413 2472 584 2513 postquam
603 2469 782 2507 Hannibal,
805 2470 953 2500 cedendo
969 2469 1003 2500 in
1022 2469 1188 2501 Bruttium
1217 2481 1346 2513 agrum,
1369 2470 1503 2512 reliquit
1523 2470 1680 2501 Romanis
1698 2470 1737 2501 li-

413 2517 526 2548 beram
541 2524 655 2547 ceterae
676 2516 771 2547 ltaliae
789 2514 1024 2556 poffessioncm.
1071 2517 1108 2545 In
1125 2518 1260 2558 angulum
1278 2518 1440 2554 Bruttium,
1463 2524 1499 2547 ut
1517 2515 1613 2557 supra
1637 2515 1657 2546 Ι.
1682 2516 1737 2547 26.

415 2573 440 2593 c.
460 2572 511 2599 41.
538 2562 692 2592 Hannibal
709 2575 737 2591 m
748 2569 902 2593 extremum
919 2563 1050 2598 angulum
1061 2564 1128 2602 agri
1155 2562 1268 2592 Ennii
1290 2564 1453 2604 compuffus.
1475 2561 1505 2592 &
1520 2560 1606 2592 infrfl
1621 2572 1650 2593 c.
1680 2571 1735 2598 42-

413 2609 452 2647 (4
496 2610 576 2638 Vttio
592 2609 774 2648 ingeniorum,
798 2614 833 2637 ut
860 2605 941 2636 dixit
959 2606 1056 2648 supra
1079 2606 1099 2636 l.
1128 2616 1181 2645 23.
1201 2618 1229 2638 c.
1259 2618 1292 2644 4.
1321 2605 1512 2638 Gronovius
1529 2606 1636 2648 legere
1659 2607 1733 2639 vult

411 2653 500 2684 ultro.
547 2654 598 2684 De
612 2652 747 2685 Bruttiis
761 2652 848 2684 infra
866 2651 885 2683 l.
902 2661 953 2693 29.
967 2663 996 2685 c.
1027 2654 1057 2684 6.
1080 2654 1262 2683 Latrociniis
1279 2655 1385 2696 magis,
1407 2651 1577 2695 qufimjufh
1600 2654 1682 2689 bello,
1703 2656 1733 2683 in

1605 2699 1734 2731 Bruttiis
