1834 3099
161 227 177 255 ι
186 217 240 270 48

605 210 753 253 LIB.
816 205 1023 250 XXVIII.
1087 202 1487 266 EPITOME.

535 518 696 561 LIBRI
728 517 998 559 VIGESLMI
1030 513 1260 556 OCTAVI
1282 511 1568 554 EPITOME.

398 775 526 830 RES
542 790 581 828 in
604 787 796 843 Hispania
810 787 984 842 prospere
990 785 1093 842 gesta?
1107 801 1130 824 a
1150 785 1294 836 Silano,
1329 783 1508 837 Scipionis
1523 783 1724 838 legato(1),

398 847 451 890 {9³
471 849 517 888 ab
549 847 603 889 L.
631 847 798 900 Scipione
804 845 945 902 fratre
976 842 1162 900 adversus
1180 843 1330 893 Poenos,
1351 860 1374 883 a
1393 842 1550 896 Sulpicio
1566 849 1724 895 procon-

379 908 469 960 sule
487 906 540 949 Εἴ
559 906 607 946 ab
629 906 761 946 Attalo
777 920 862 959 rege
882 903 976 958 Afiae
987 901 1172 962 adversus
1195 902 1416 957 Philippum
1439 917 1561 956 regem
1584 900 1724 942 Mace-

395 965 548 1014 donum,
570 980 647 1020 pro
663 964 824 1012 AEtolis,
856 963 1091 1019 rcfiruntur.
1157 961 1297 1017 „Quum
1312 961 1383 1002 M.
1401 961 1519 1000 Livio
1535 959 1586 1002 [5³
1607 960 1725 1002 Clau-

396 1024 454 1064 dio
476 1024 625 1064 Neroni
642 1022 844 1077 consulibus
863 1021 1083 1075 triumphus
1103 1020 1269 1060 decretus
1282 1021 1374 1076 effi,
1407 1019 1566 1068 Livius,
1598 1021 1665 1074 qui
1685 1021 1725 1060 in

391 1083 598 1138 provincid
621 1082 705 1139 suci
746 1095 825 1120 rem
862 1081 1035 1136 gaeffirat,
1067 1079 1265 1134 quadrigis
1293 1081 1464 1119 iuvet-ius
1493 1077 1539 1133 {st
1552 1101 1567 1124 ‚·
1603 1078 1726 1131 IVero,

397 1143 466 1197 qui
479 1142 525 1181 in
546 1140 681 1195 collegae
695 1140 954 1194 provinciam,
988 1147 1031 1178 ut
1044 1140 1243 1178 vietor-iam
1262 1139 1343 1192 ejus
1362 1137 1584 1192 adjuvaret,
1616 1153 1728 1178 vene-

398 1209 482 1253 rat,
513 1216 601 1255 equo
620 1199 668 1254 est
674 1199 848 1257 secutus,
884 1197 938 1240 &³
957 1199 996 1237 in
1020 1197 1084 1237 hoc
1103 1197 1231 1237 habitu
1244 1196 1333 1250 plus
1344 1197 1470 1251 gloriae
1491 1198 1729 1237 reverentia?-

400 1275 470 1316 que
503 1258 635 1299 habuit
653 1277 665 1298 .·
712 1273 800 1297 nam
838 1256 890 1299 &³
915 1256 1004 1310 plus
1042 1258 1083 1296 in
1124 1256 1226 1306 bello,
1258 1255 1373 1310 quam
1393 1254 1541 1309 collega,
1559 1256 1727 1312 ficerat.

402 1318 510 1373 Ignis
544 1319 584 1358 in
605 1317 677 1357 aede
701 1317 741 1356 V
736 1316 811 1373 estae
831 1315 1060 1370 negligentia?
1081 1316 1265 1370 virginis,
1297 1330 1375 1369 quae
1395 1329 1466 1353 non
1487 1314 1728 1372 custodierat,

400 1379 587 1418 extineJus
615 1375 688 1432 est:
721 1377 831 1430 virgo
867 1374 958 1432 caesa
986 1374 1033 1431 ss
1047 1374 1196 1430 flagro.
1259 1373 1310 1414 P.
1337 1373 1453 1426 Scipio
1473 1374 1513 1412 in
1534 1373 1730 1429 Hispania?

400 1452 485 1477 cum
509 1434 638 1476 Poenis
655 1434 853 1475 debellavit
873 1435 936 1488 (2)
958 1442 1092 1488 quarto
1107 1433 1241 1473 decimo
1256 1448 1353 1472 anno
1372 1435 1452 1487 ejus
1474 1432 1570 1478 belli,
1603 1434 1731 1487 quinto

395 1494 476 1552 pff
506 1510 620 1546 anno,
670 1493 786 1548 quam
822 1494 938 1533 ierat:
970 1491 1186 1548 exclusffqice
1224 1493 1263 1530 in
1291 1500 1409 1532 totum
1433 1489 1630 1547 pffffione
1649 1493 1730 1546 ejus

399 1552 582 1611 hostibus,
618 1552 846 1608 Hispaniam
868 1552 1016 1607 recepit.
1042 1550 1095 1593 {3³
1114 1568 1137 1591 a
1160 1550 1376 1591 Tarracone
1400 1552 1465 1605 (3)
1487 1551 1527 1588 in
1546 1550 1729 1607 Africam

401 1612 456 1652 ad
475 1611 672 1667 Syphacem
694 1626 816 1665 regem
840 1609 1106 1650 Numidarum
1127 1610 1265 1650 duobus
1296 1611 1462 1664 navigiis
1477 1609 1730 1665 transvec‘ius,

386 1669 523 1728 foedus
530 1671 684 1725 junxit.
748 1668 978 1724 Hasdrubal
1007 1669 1177 1724 Gisgonis
1198 1670 1252 1709 ibi
1279 1684 1362 1708 cum
1379 1685 1415 1708 eo
1435 1669 1476 1708 in
1507 1669 1622 1708 eodem
1642 1669 1731 1709 letio

401 1729 588 1769 accubuit.
651 1731 675 1780 ‡
697 1726 855 1767 Munus
870 1727 1139 1781 gladiatorium
1174 1729 1214 1767 in
1235 1727 1403 1768 honorem
1414 1728 1550 1782 patris
1574 1729 1732 1781 patrui—

402 1802 472 1843 que
493 1785 735 1841 Karthagini
756 1788 817 1840 (4)
840 1787 942 1826 nova*
962 1785 1078 1826 edidit
1099 1787 1177 1841 (5),
1211 1800 1282 1825 non
1302 1802 1346 1825 ex
1363 1786 1652 1841 gladiatoribus,
1661 1786 1735 1841 sed

401 1862 448 1886 ex
463 1847 526 1896 iis,
558 1846 624 1900 qui
644 1853 712 1885 aut
725 1846 765 1883 in
786 1844 955 1884 honorem
980 1844 1106 1895 ducis,
1136 1853 1204 1884 aut
1224 1860 1268 1884 ex
1282 1845 1541 1898 provocatione
1575 1846 1615 1884 in
1647 1860 1729 1885 cer-

402 1914 528 1946 tamen
544 1902 803 1959 descendebant
817 1921 829 1943 .·
862 1904 901 1942 in
923 1919 992 1958 quo
1013 1903 1135 1958 reguli
1139 1903 1299 1960 finires
1319 1902 1362 1943 de
1395 1918 1506 1958 regno
1511 1903 1628 1960 ferro
1647 1920 1732 1944 con-

401 1963 616 2005 tenderunt.
681 1960 820 2017 ⁰Quum
842 1961 997 2019 Astapa
1028 1962 1119 2002 urbs
1148 1963 1194 2001 ab
1215 1962 1403 2002 Romanis
1435 1972 1731 2017 oppugnaretur,

401 2022 581 2079 oppidani
600 2021 729 2062 liberos
753 2020 806 2064 ξδ’
825 2022 996 2076 conjuges
1031 2036 1116 2076 rogo
1144 2020 1329 2078 eostruc‘io,
1353 2021 1579 2072 occiderunt,
1614 2021 1668 2064 ἅδ’
1688 2022 1733 2078 fi

450 2139 544 2183 Epit.
568 2139 593 2170 1.
613 2138 668 2171 28.
684 2137 742 2180 (ι)
766 2137 893 2170 Silanus
910 2149 978 2171 non
996 2137 1157 2180 Scipionis
1174 2139 1300 2182 legatus
1327 2138 1402 2171 fuit.
1450 2139 1652 2182 Adjutorem
1668 2139 1735 2171 Sci-

405 2187 497 2230 pioni
511 2187 554 2218 ad
570 2196 621 2217 res
636 2184 796 2227 gerendas
813 2185 929 2216 datum
942 2183 1088 2217 silanum
1105 2192 1361 2227 propraetorem,
1382 2184 1495 2217 scribit
1512 2185 1619 2217 noster
1631 2185 1733 2228 supr}

404 2233 428 2265 l.
446 2232 500 2266 26.
519 2243 547 2263 c.
565 2240 616 2272 29.
666 2233 709 2262 Et
733 2229 845 2272 Scipio
870 2229 905 2262 in
923 2229 1075 2262 oratione
1092 2232 1134 2262 ad
1150 2230 1270 2262 milites
1282 2230 1451 2262 seditiosos
1467 2242 1543 2264 eum
1566 2234 1732 2274 eodemjure

403 2282 547 2321 eodemque
560 2278 679 2319 imperia
695 2275 804 2308 secum
821 2275 856 2307 in
868 2275 1077 2319 provinciam
1094 2275 1222 2308 miffum
1238 2276 1331 2313 dicit,
1355 2276 1442 2308 instit
1458 2288 1488 2309 c.
1508 2277 1564 2310 28.
1609 2277 1734 2309 Trans-

405 2323 519 2367 pofitis
534 2322 638 2365 igitur
654 2321 776 2360 verbis,
798 2321 879 2364 Iege,
905 2322 944 2354 ἰδ’
959 2323 994 2352 ab
1010 2324 1050 2355 L.
1065 2323 1193 2364 Scipione
1196 2325 1318 2364 fratre,
1343 2324 1483 2365 Scipi0nis
1499 2325 1601 2365 legato.
1639 2324 1731 2355 Infra}

406 2381 433 2401 c.
460 2369 513 2402 28.
538 2371 579 2402 L.
595 2369 689 2409 Scipio
705 2369 822 2414 ‘frater
848 2380 932 2405 meus,
957 2369 997 2400 Εἴ
1015 2369 1050 2399 C.
1068 2370 1194 2406 Laelius,
1215 2370 1318 2410 legati.
1365 2367 1422 2410 (2)
1447 2368 1561 2400 Potifis
1583 2371 1668 2400 tertio
1683 2371 1730 2400 de-

403 2418 481 2447 cimo.
533 2414 589 2456 (3)
615 2412 731 2445 Potifis
746 2426 764 2443 a
781 2414 979 2456 Karthagine,
1001 2413 1035 2444 δε
1057 2424 1134 2445 mox
1156 2427 1248 2456 regem
1265 2415 1508 2457 Mqsagsylorum.
1533 2412 1611 2445 Vid.
1624 2425 1655 2446 c.
1678 2422 1732 2453 17.

405 2460 504 2493 infri-
549 2460 607 2502 (4)
630 2461 697 2490 Pro
714 2459 914 2501 Karthagine.
960 2458 1117 2491 Similiter
1141 2458 1229 2491 infr&
1245 2471 1273 2491 c.
1301 2458 1355 2492 26.
1383 2460 1521 2503 confilium
1545 2461 1578 2490 de
1589 2461 1627 2490 iis
1643 2461 1731 2491 Kar-

403 2508 521 2549 tbagini
539 2512 617 2544 grat.
632 2504 653 2535 l.
682 2513 737 2544 31.
759 2515 789 2537 c.
810 2514 824 2535 1
834 2514 847 2535 1
856 2527 863 2535 .
887 2517 1018 2548 magnam
1028 2513 1146 2548 partem
1160 2518 1253 2536 eorum
1263 2506 1363 2548 palam
1379 2506 1563 2548 Karthagini
1576 2505 1733 2548 obverfirn'.

405 2552 517 2583 Plaut.
537 2553 612 2584 Cas.
629 2549 664 2581 in
679 2550 767 2581 Prol.
782 2560 817 2581 v.
834 2558 885 2589 71.
932 2552 980 2584 At
1005 2563 1054 2594 ugo
1066 2554 1113 2584 aio
1128 2552 1177 2581 hoc
1189 2551 1265 2594 fieri
1290 2553 1318 2582 in
1334 2549 1455 2584 Graecia
1469 2550 1506 2582 ἐφ’
1523 2551 1725 2594 Karthagini.

403 2597 463 2637 (5)
486 2599 578 2628 Edere
593 2596 629 2628 in
642 2595 703 2627 hac
722 2606 757 2627 re
774 2595 950 2639 proprium
961 2597 1105 2631 verbum
1120 2595 1175 2636 est,
1197 2607 1266 2640 quo
1288 2595 1387 2629 etiam
1402 2594 1521 2628 Livius
1537 2595 1571 2628 in
1587 2596 1649 2628 hsse
1666 2596 1731 2630 his-

404 2641 491 2674 tori3
504 2641 610 2675 utitur
628 2652 654 2674 c.
672 2649 725 2676 21.
740 2640 840 2674 infra.

1572 2699 1730 2761 insuper
