1834 3099
175 1490 217 1523 U.
236 1501 265 1522 c.
281 1499 356 1532 549.

172 1547 203 1569 a.
222 1538 259 1568 C.
279 1546 357 1578 203.

173 1621 346 1656 Provinciae.

480 480 583 558 T.
644 482 967 562 LIVII
1030 478 1654 562 PATAVINI

728 844 932 895 LIBER
967 844 1306 894 TRIGESIM
1316 844 1410 894 ΕΒ.

406 1432 534 1512 CN.
553 1461 748 1504 Servilius
771 1457 914 1515 Caepio
938 1461 976 1502 δι
1002 1458 1049 1501 C.
1069 1455 1267 1501 Servilius
1299 1458 1506 1502 Geminus
1527 1461 1732 1514 consules,

400 1522 554 1574 (sextus
573 1522 757 1564 decimus
780 1521 812 1561 is
827 1533 958 1559 annus
971 1518 1067 1559 belli
1084 1517 1230 1559 Punici
1246 1521 1349 1572 erat)
1366 1534 1495 1574 quum
1515 1522 1566 1562 de
1582 1520 1731 1576 repub.

400 1581 476 1622 lica
496 1580 686 1635 belloque
709 1582 750 1621 δι’
773 1577 993 1635 provinciis
1024 1578 1072 1617 ad
1107 1576 1292 1617 senatum
1314 1579 1552 1629 retulissent,
1585 1580 1730 1620 censu-

398 1649 519 1680 erunt
550 1641 704 1689 Patres,
736 1648 782 1678 ut
813 1635 999 1678 consules
1032 1636 1138 1676 inter
1158 1635 1196 1675 se
1218 1641 1244 1689 †
1264 1647 1566 1692 compararent,
1613 1639 1731 1680 sorti-

397 1707 604 1747 renturve,
637 1707 728 1738 uter
744 1696 928 1737 Bruttios
950 1692 1144 1735 adversus
1165 1694 1462 1749 Hannibalem,
1494 1707 1587 1738 uter
1607 1697 1731 1738 Etru-

397 1758 499 1798 riam
529 1771 575 1798 ac
597 1756 771 1812 Ligures
801 1754 1054 1810 provinciam
1085 1752 1266 1794 haberet.
1309 1754 1376 1794 cui
1398 1755 1549 1796 Bruttii
1570 1756 1728 1797 evenis-

396 1814 500 1867 sent,
532 1816 759 1856 exercitum
782 1829 804 1854 a
829 1816 871 1854 Ρ.
895 1812 1141 1867 Sempronio
1178 1812 1394 1867 acciperet.
1458 1814 1504 1856 P.
1529 1814 1727 1870 Sempro-

396 1875 488 1915 nius
511 1874 565 1930 (ei
583 1887 748 1928 quoque
770 1872 880 1913 enim
901 1870 1134 1926 proconsuli
1151 1870 1370 1926 imperium
1393 1872 1434 1912 in
1453 1887 1608 1914 annum
1629 1888 1726 1929 pro-

339 1952 377 1980 ,ιι
394 1932 629 1990 rogabatur)
645 1935 687 1974 P.
712 1931 871 1973 Licinio
889 1930 1144 1971 succederet:
1179 1929 1212 1970 is
1230 1930 1407 1970 Romam
1429 1942 1719 1986 reverteretur,

392 1991 499 2033 bello
530 2005 697 2046 quoque
732 1990 865 2031 bonus
886 1989 1050 2030 habitus
1086 1990 1148 2044 (1)
1171 1988 1221 2029 ad
1241 1998 1392 2040 cetera,
1427 1989 1576 2044 quibus
1597 2003 1724 2033 nemo

389 2052 434 2091 ea
458 2050 696 2106 tempestate
713 2047 952 2090 instrufflor
972 2047 1070 2089 civis
1096 2046 1336 2098 habebatur,
1368 2049 1570 2105 congestis
1586 2050 1724 2090 omni-

387 2110 463 2151 bus
485 2108 677 2150 humanis
699 2124 721 2150 a
755 2108 899 2149 natura
940 2107 1188 2160 fortunaque
1215 2106 1346 2147 bonis.
1410 2107 1573 2149 Nobilis
1607 2108 1720 2149 idem

388 2183 434 2211 ac
475 2169 587 2210 dives
626 2177 736 2208 erat:
787 2166 922 2207 forma
962 2164 1195 2219 viribusque
1248 2165 1431 2220 corporis
1478 2166 1719 2208 excellebat.

386 2226 710 2268 Facundiffimus
746 2223 987 2276 habebatur,
1021 2223 1089 2264 seu
1126 2222 1243 2264 causa
1279 2225 1448 2277 oranda,
1481 2224 1550 2266 seu
1581 2225 1624 2266 in
1660 2225 1722 2267 se·

385 2296 503 2338 natu,
535 2287 584 2326 ad
605 2285 805 2340 populum
829 2282 1022 2324 suadendi
1059 2296 1105 2322 ac
1125 2286 1148 2335 :t
1174 2282 1426 2324 diffuadendi
1454 2283 1571 2325 locus
1592 2284 1716 2326 effet:

383 2347 454 2400 (2)
471 2344 575 2401 juris
590 2343 790 2398 pontificii
817 2341 1088 2397 peritiffimus.
1148 2339 1280 2395 Super
1300 2340 1405 2391 haec,
1436 2341 1592 2384 bellicae
1615 2357 1720 2397 quo.

385 2418 463 2458 que
496 2403 628 2444 laudis
665 2401 898 2444 consulatus
920 2403 983 2457 (3)
1006 2405 1245 2454 compotem
1271 2398 1438 2442 fecerat.
1502 2400 1630 2500 ngd
1670 2401 1716 2442 in

1573 2468 1712 2502 ruttus

428 2580 464 2612 C.
481 2590 507 2612 1.
526 2581 542 2621 (
553 2579 586 2621 ι)
603 2582 726 2613 Praeter
743 2585 869 2611 ceteras
882 2576 995 2609 laudes
1009 2575 1041 2608 ἃ
1053 2583 1260 2608 ornamenta.
1310 2576 1366 2620 (2)
1381 2574 1535 2609 Pontifex
1551 2576 1716 2610 maximus

383 2625 422 2656 P.
437 2625 583 2660 Licinius
599 2632 681 2664 erat.
711 2624 769 2671 (3)
784 2621 995 2658 Occasionem
1008 2621 1037 2658 ei
1053 2622 1188 2658 dederat
1205 2621 1327 2658 benicae
1340 2621 1714 2712 virtutis-ostezxtaesslge-

1571 2678 1592 2707 4
1659 2679 1668 2700 ι
1695 2690 1707 2700 .
