1834 3099
141 157 223 187 222

134 590 238 619 Proelio
255 591 329 620 vien

132 635 273 677 Hispani.

849 147 900 191 T.
964 149 1180 192 LIVII

363 273 582 317 tentatum,
616 276 661 306 ut
683 266 958 308 discederetur
995 268 1045 309 ab
1081 267 1216 308 armis.
1242 266 1353 316 dein,
1385 281 1514 322 quum
1536 267 1576 308 in
1609 279 1681 324 ρει

360 323 565 369 bulatores
609 325 822 368 Romanos
855 327 1034 381 impetus
1071 325 1238 382 repente
1274 326 1323 366 ab
1346 327 1551 380 equitibus
1585 328 1681 368 His-

358 383 475 437 panis
498 383 635 424 faetus
656 385 767 436 effet‚
800 390 822 438 ‡
844 385 1031 426 submiflo
1057 385 1107 426 ab
1146 385 1314 425 statione
1343 386 1533 426 Romana
1565 386 1680 440 equia

359 452 464 493 tatu,
492 443 686 496 proelium
715 443 899 497 equestre
934 443 1027 494 fuit,
1059 443 1168 484 haud
1206 443 1297 484 sane
1329 445 1597 485 memorando
1633 446 1676 485 in

357 510 515 555 partem
538 503 662 542 ullam
676 512 838 542 eventu.

415 559 490 599 ΙΙΙ.
526 561 619 600 Sole
640 561 810 610 oriente,
843 555 1002 616 postero
1032 561 1097 602 die
1129 560 1272 601 armati
1294 560 1565 616 instrufitique
1587 577 1677 603 om·-

357 631 428 658 nes
464 618 574 658 mille
604 618 733 660 ferme
754 619 884 674 paffus
912 621 1099 675 procula
1135 618 1274 661 castris
1309 620 1512 661 Romanis
1544 621 1673 661 aciem

358 676 586 717 ostendere.
646 678 779 718 Medii
812 679 1014 720 Ausetani
1036 688 1174 719 erant:
1207 681 1268 733 (1)
1305 692 1458 719 cornua
1481 680 1672 720 dextrum

355 735 563 790 Ilergetes,
594 736 742 776 laevum
760 737 959 793 ignobiles
980 737 1172 778 tenebant
1193 736 1366 792 Hispani
1387 737 1542 791 populi.
1603 738 1674 778 In·-

355 802 417 834 ter
433 808 585 835 cornua
603 795 642 834 &
661 796 838 836 mediam
860 796 990 837 aciem
1022 796 1231 836 intervalla
1262 795 1442 850 patentia
1464 795 1556 837 satis
1590 795 1672 837 late

354 851 560 902 fecerant3
591 854 673 908 qua
711 855 959 908 equitatum,
991 854 1060 895 ubi
1080 865 1243 909 tempus
1279 855 1389 904 effet,
1421 854 1667 895 emitterent.

355 912 410 952 Et
433 911 629 961 Romani,
662 926 775 952 more
797 913 867 953 suo
888 913 1113 953 exercitum
1149 927 1277 967 quum
1301 912 1594 965 instruxissent,
1625 913 1669 954 id

353 969 479 1010 modo
501 970 679 1010 hostium
712 971 858 1011 imitati
879 971 987 1022 sunt,
1020 981 1066 1011 ut
1088 972 1194 1011 inter
1215 971 1396 1026 legiones
1428 973 1468 1012 &
1506 971 1576 1026 ipfi
1599 987 1672 1026 pa-

352 1038 485 1068 tentes
520 1029 648 1082 equiti
679 1029 956 1083 relinquerent
994 1030 1091 1071 vias.
1153 1027 1350 1070 Ceterum
1381 1029 1599 1080 Lentulus,
1630 1030 1669 1073 ei

351 1087 455 1140 parti
478 1087 592 1126 usum
629 1088 778 1141 equitis
799 1088 888 1128 fore
909 1098 1036 1137 ratus,
1068 1103 1160 1142 quae
1195 1088 1306 1142 prior
1327 1088 1369 1130 in
1389 1088 1666 1129 dehiscentem

350 1145 570 1186 intervallis
591 1145 767 1186 hostium
801 1146 929 1187 aciem
950 1147 1108 1201 equites
1129 1153 1154 1199 †
1175 1146 1370 1194 emisisset,
1400 1145 1489 1189 Ser.
1513 1147 1669 1188 Corne-

348 1203 404 1243 lio
427 1204 591 1245 tribuno
613 1203 790 1245 militum
812 1204 999 1271 imperat,
1032 1206 1190 1259 equites
1212 1219 1284 1259 per
1303 1215 1489 1259 patentes
1508 1205 1551 1245 in
1574 1204 1668 1246 hos-

348 1261 454 1302 tium
490 1263 575 1304 acie
608 1264 693 1303 vias
714 1268 739 1317 †
768 1264 1005 1318 permittere
1037 1278 1166 1335 equos
1193 1263 1363 1320 jubeat:
1395 1263 1495 1318 ipse,
1527 1265 1665 1319 coepta

348 1334 493 1375 parum
524 1321 711 1376 prospere
747 1322 923 1377 pedestri
958 1338 1111 1378 pugna,
1140 1324 1301 1363 tantum
1334 1331 1532 1372 moratus,
1563 1323 1669 1366 dum-

347 1380 508 1420 cedenti
529 1381 786 1422 duodecimae
807 1381 973 1436 legioni,
1005 1396 1096 1436 quae
1119 1382 1160 1421 in
1191 1382 1294 1422 laevo
1324 1395 1454 1421 cornu
1472 1378 1666 1423 adversus

346 1438 539 1494 Ilergetes
562 1440 691 1480 locata
715 1450 818 1491 erat,
851 1440 1009 1480 tertiam
1033 1440 1234 1481 decimam
1257 1438 1459 1495 legionem
1482 1453 1536 1480 ex
1569 1439 1662 1480 sub-

345 1497 482 1538 fidiis
473 1512 514 1537 m
528 1498 700 1552 primam
721 1502 847 1539 aciem
865 1501 925 1552 (2
942 1498 1250 1539 firmamentum
1271 1497 1415 1547 ducit·‚
1444 1497 1659 1564 postquam

343 1565 501 1610 aequata
524 1557 579 1596 ibi
601 1571 737 1611 pugna
759 1557 834 1607 est,
866 1558 915 1596 ad
938 1558 987 1598 L.
1015 1558 1238 1608 Manlium,
1269 1556 1375 1596 inter
1395 1556 1527 1611 prima
1550 1557 1660 1613 figna

341 1613 594 1667 hortantem,
624 1630 669 1656 ac
693 1589 878 1664 subsidia,
910 1615 1058 1670 quibus
1089 1630 1153 1657 res
1186 1614 1414 1669 postulabat
1447 1615 1563 1666 locis,
1594 1615 1660 1656 in-

341 1675 579 1724 ducentem,
611 1674 735 1714 venit.
771 1673 924 1714 indicat
946 1685 1032 1714 tuta
1065 1673 1115 1715 ab
1150 1675 1256 1715 laevo
1285 1688 1414 1714 cornu
1436 1674 1539 1714 effe:
1567 1674 1657 1730 jam

340 1732 499 1771 missum
536 1732 587 1772 ab
622 1733 660 1772 se
695 1733 936 1773 (ornelium
981 1733 1165 1774 Servium
1200 1737 1223 1785 ζ
1263 1732 1439 1786 procella
1479 1733 1661 1786 equestri

337 1789 472 1831 hostes
490 1789 850 1832 circumfusurum.
911 1791 999 1831 Vix
1019 1791 1107 1831 haec
1126 1796 1148 1844 ss
1169 1791 1279 1831 dieta
1307 1791 1491 1841 dederat,
1525 1805 1655 1845 quum

338 1848 520 1888 Romani
541 1850 715 1903 equites,
744 1849 786 1888 in
818 1850 974 1890 medios
1012 1850 1160 1898 investi
1192 1849 1346 1901 hostes,
1377 1849 1491 1889 fimul
1515 1850 1657 1904 pedes-

337 1916 418 1947 tres
459 1908 566 1948 acies
599 1907 831 1957 turbarunt,
864 1908 979 1948 simul
1008 1908 1212 1962 equitibus
1246 1907 1524 1962 Hispanorum
1547 1909 1655 1949 viam

335 1965 585 2007 immittendi
626 1981 754 2020 equos
812 1967 1053 2008 clauserunt.
1131 1967 1290 2020 Itaque,
1337 1965 1475 2006 omifla
1517 1968 1654 2023 pugni

336 2024 529 2078 equestri,
575 2031 589 2076 ΙΙ
629 2028 680 2066 ad
712 2025 939 2079 pedestrem
980 2025 1152 2080 Hispani
1193 2024 1504 2066 descenderunt.
1565 2025 1656 2066 Ro·

336 2083 446 2124 mani
464 2083 743 2138 imperatores,
773 2094 818 2124 ut
840 2084 1021 2125 turbatos
1052 2083 1231 2124 hostium
1252 2083 1431 2133 ordines,
1465 2085 1505 2124 &
1530 2085 1653 2139 trepi-

1441 2141 1650 2183 dationem

336 2260 540 2299 adverbium,
562 2260 657 2292 initio
671 2271 743 2302 cap.
762 2260 824 2301 seq.
839 2274 926 2291 omnes
941 2261 1016 2291 mille
1028 2262 1127 2302 firme
1137 2259 1234 2303 pqffus
1243 2260 1346 2301 procul
1359 2271 1376 2289 a
1393 2259 1496 2299 castris
1512 2261 1645 2291 Romanis

336 2309 421 2337 aciem
449 2306 596 2346 ostendb're.
649 2310 692 2337 At
706 2306 757 2337 vir
774 2306 891 2337 domitus
908 2305 1043 2343 fallitur,
1066 2307 1100 2336 ero*
1109 2308 1211 2347 procul
1237 2313 1328 2336 ratus
1343 2315 1498 2347 magnum
1520 2305 1646 2348 semper

333 2351 545 2383 intervallum
562 2350 717 2383 indicare.
766 2352 802 2382 ld
812 2354 916 2394 procul
926 2351 980 2389 est,
1003 2352 1093 2392 quod
1110 2361 1178 2381 non
1194 2350 1397 2392 contiguum,
1420 2349 1495 2382 licet
1511 2350 1651 2382 minime.

334 2396 463 2428 distans.
508 2399 587 2429 Ter.
601 2396 635 2427 in
652 2398 732 2428 Hec.
750 2408 779 2435 4.
797 2407 824 2436 3.
846 2406 877 2428 1.
895 2399 988 2441 Quem
1004 2410 1063 2426 cum
1075 2395 1142 2436 istoc
1158 2398 1314 2436 firmorum
1330 2397 1473 2433 habueris,
1489 2398 1589 2438 procul
1599 2396 1645 2428 bfo·

332 2443 422 2484 qstans
438 2447 537 2485 occepi.
586 2441 651 2486 Qi
670 2452 736 2472 non
751 2442 899 2474 cominus
923 2450 1082 2485 pugnant,
1104 2441 1158 2472 scd
1176 2440 1355 2478 missilibus,
1376 2439 1529 2473 dicuntur
1545 2445 1647 2486 procul

326 2495 457 2529 pugnare
473 2488 558 2518 infr&
576 2487 596 2518 l.
614 2498 665 2526 44.
679 2498 706 2518 c⁴
721 2497 775 2527 35.
792 2489 829 2518 E.

379 2533 415 2564 C.
428 2542 459 2571 3.
473 2534 646 2575 (1)Supra
662 2532 684 2565 l.
707 2542 789 2564 10.c.
807 2543 863 2570 41.
895 2534 1017 2568 Cornua,
1041 2534 1171 2563 dextrum
1183 2533 1222 2562 ad
1234 2530 1330 2570 castra
1347 2532 1529 2569 Samnitium,
1539 2533 1645 2563 levum

331 2579 372 2607 ad
382 2579 475 2608 urbem
495 2581 593 2610 tendit.
608 2578 631 2610 l.
651 2587 705 2617 23.
736 2589 766 2611 c.
794 2587 846 2619 29.
873 2579 909 2609 In
933 2578 1070 2616 cornibus,
1090 2580 1187 2609 dextro
1217 2579 1320 2609 Poenos
1335 2579 1421 2613 local,
1440 2578 1510 2608 levo
1534 2579 1639 2618 Afros.

332 2621 409 2654 Vid-
431 2625 445 2665 Η
480 2626 588 2656 numeri
609 2625 736 2667 plurah's
771 2626 808 2656 Εἰ
824 2625 982 2668 sagulatis
998 2626 1108 2665 J'tmEi.
1157 2623 1215 2666 (2)
1231 2622 1309 2654 Vid.
1327 2623 1475 2666 “firmare
1492 2623 1641 2666 praefidio.

1479 2668 1535 2710 (3)
1554 2670 1642 2699 lust-⁵«
