1834 3099
435 153 678 197 LIBER
710 154 849 198 XXX.
894 155 1050 198 CAP.
1085 156 1139 197 11.

120 264 292 309 Bruttiis
314 270 540 324 provincifi,
572 273 680 313 idem
713 273 754 312 in
779 273 944 314 Etrurii
978 287 1024 313 ac
1062 270 1284 329 Liguribus
1306 271 1446 314 decre-

119 335 222 367 tum.
256 329 316 368 M.
343 329 558 371 Cornelius
581 346 687 371 novo
719 331 875 371 consuli
912 333 1069 371 tradere
1103 332 1328 372 exercitum
1358 332 1445 387 jus-

118 383 211 426 sus:
241 386 337 440 ipse,
370 400 588 444 prorogato
616 390 802 444 irnperio,
836 390 1015 430 Galliam
1052 389 1305 444 provinciam
1338 391 1445 430 obti-

116 455 213 483 nere
235 459 328 485 cum
353 447 581 501 legionibus
603 448 665 497 iis,
698 462 799 501 quas
821 461 970 502 praetor
992 449 1294 489 L.Scribonius
1308 445 1442 502 priore

115 514 226 542 anuo
248 503 459 546 habuiflet.
481 506 622 546 Sortiti
646 507 794 546 deinde
816 506 1045 560 provincias
1065 524 1074 548 ε
1111 507 1297 561 Caepioni
1315 507 1440 547 Brut-
1463 520 1465 522 ·

116 559 178 608 tii,
210 563 382 602 Servilio
402 565 584 604 Gemino
603 565 764 604 Etruria
786 566 934 605 evenit.
967 566 1078 605 Turn
1102 578 1325 620 praetorum
1347 580 1442 620 pro-

116 617 261 660 vinciae
278 622 319 660 in
337 622 484 663 sortem
507 622 719 678 conjeehe.
739 623 1073 676 Jurisdiffionem
1090 624 1284 664 urbanam
1299 623 1438 665 Paetus

113 675 252 718 AElius
286 683 362 734 (4),
395 681 624 721 Sardiniam
649 683 692 722 Ρ.
726 681 947 730 Lentulus,
979 682 1160 722 Siciliam
1191 682 1237 722 P.
1273 681 1440 732 Villius,

106 735 354 785 ‘Ariminum
370 753 466 779 cum
484 736 642 780 duabus
661 740 890 795 legionibus
914 739 1002 794 (sub
1017 740 1210 780 Lucretio
1222 741 1368 794 Spurio
1382 755 1440 781 ete

114 789 297 851 fuerant)
315 797 570 855 QinCtilius
593 799 729 838 Varus
750 799 806 839 est
831 798 1005 839 sortitus.
1023 798 1073 839 Et
1088 799 1282 839 Lucretio
1300 813 1444 853 proro-

108 864 254 907 gatum
277 855 511 910 imperium,
544 866 590 896 ut
613 857 806 897 Genuam
829 858 1028 912 oppidum
1057 872 1079 897 a
1102 858 1282 912 Magone
1305 856 1439 900 Poeno

113 911 297 954 dirutum
332 914 620 955 exaedificaret.
684 917 727 957 Ρ.
767 916 966 969 Scipioni,
1001 930 1084 956 non
1116 916 1329 970 temporis,
1372 915 1441 955 sed

110 969 172 1010 rei
193 974 383 1026 gerendae
407 972 503 1022 fine,
534 975 664 1014 donec
686 973 935 1015 debellatum
964 975 1005 1014 in
1031 974 1170 1014 Afric&
1195 975 1316 1023 foret,
1348 989 1445 1029 pro-

111 1040 299 1084 rogatum
325 1032 543 1085 imperium
566 1032 651 1072 est:
685 1033 998 1087 decretumque,
1029 1046 1073 1073 ut
1097 1033 1337 1088 supplicatio
1370 1033 1444 1073 fie-

109 1098 189 1139 ret,
222 1089 332 1143 quod
358 1090 390 1131 is
412 1091 453 1130 in
480 1090 664 1131 Africam
688 1092 939 1146 provinciam
970 1092 1198 1146 trajecisset,
1231 1102 1276 1132 ut
1298 1106 1344 1131 ea
1379 1105 1444 1131 res

109 1143 296 1189 salutaris
335 1150 488 1203 populo
531 1151 725 1191 Romano
761 1150 915 1205 ipsique
953 1152 1049 1191 duci
1083 1162 1205 1204 atque
1242 1148 1444 1190 exercitui

109 1203 218 1246 effet.

170 1263 224 1306 II.
257 1265 305 1305 In
321 1265 503 1307 Siciliam
522 1267 596 1307 tria
622 1266 745 1307 millia
761 1267 938 1307 militurn
955 1265 1046 1307 sunt
1069 1266 1227 1321 scripta.
1255 1265 1310 1317 δέ,
1329 1268 1442 1322 quia,

111 1325 225 1376 quod
260 1324 417 1366 roboris
457 1340 503 1365 ea
546 1326 755 1380 provincia
790 1325 1004 1377 habuerat,
1037 1325 1077 1365 in
1105 1326 1289 1366 Africam
1312 1324 1442 1366 trans-

110 1382 280 1422 vectum
318 1383 468 1436 fuerat,
499 1387 563 1439 (ι)
593 1399 642 1424 ne
681 1399 761 1438 qua
797 1384 922 1425 classis
959 1400 1008 1424 ex
1045 1384 1186 1425 Afric&
1219 1384 1440 1440 trajiceret,

109 1441 380 1496 quadraginta
413 1443 584 1483 navibus
626 1443 818 1483 custodiri
855 1445 1063 1498 placuerat
1098 1443 1248 1491 Sieiliae
1284 1442 1441 1483 mariti-

112 1512 224 1540 mam
265 1515 393 1541 oram.
455 1501 675 1542 Tredecim
709 1515 833 1541 novas
867 1514 989 1542 naves
1030 1498 1182 1542 Villius
1223 1502 1358 1542 secum
1396 1502 1439 1542 in

111 1556 296 1599 Siciliam
314 1560 456 1603 duxit:
488 1571 633 1602 ceterae
654 1560 694 1600 in
727 1560 864 1600 sieilia
900 1571 1055 1600 veteres
1087 1559 1267 1600 reseditae.
1326 1560 1439 1601 Huic

112 1617 223 1677 clam,
239 1618 301 1659 M.
324 1617 595 1674 Pomponius,
628 1618 773 1673 prioris
795 1618 890 1658 anni
925 1630 1088 1673 praetor,
1121 1630 1340 1673 prorogato
1363 1618 1440 1659 im-

110 1676 226 1731 perio
245 1678 496 1732 praepofitus,
529 1693 656 1718 novos
675 1678 822 1717 milites
840 1692 888 1717 ex
903 1675 1018 1717 Itali&
1036 1677 1229 1718 advefflos
1252 1678 1292 1717 in
1316 1692 1441 1719 naves

111 1735 319 1790 imposuit.
381 1736 528 1778 Parem
559 1736 724 1776 navium
753 1750 974 1776 numerum
998 1736 1075 1776 Cn.
1109 1733 1303 1786 oetavio,
1338 1751 1442 1790 prae-

111 1795 192 1834 tori
213 1795 311 1835 item
330 1798 390 1850 (2)
409 1795 553 1850 prioris
585 1796 694 1844 anni,
728 1809 821 1835 cum
839 1795 924 1848 pari
942 1795 1034 1850 jure
1070 1794 1230 1848 imperii
1254 1794 1302 1835 ad
1323 1806 1442 1834 tuen-

111 1853 209 1893 dam
241 1853 438 1895 Sardiniae
467 1869 580 1895 oram
602 1854 743 1894 Patres
764 1854 1045 1893 decreverunt.
1108 1854 1312 1893 Lentulus
1338 1867 1443 1907 prae-

113 1922 179 1952 tor
214 1912 297 1952 duo
330 1914 456 1953 millia
493 1913 670 1953 militum
693 1913 787 1951 dare
824 1911 864 1951 in
897 1925 1017 1951 naves
1035 1909 1178 1967 juffus.
1241 1910 1292 1951 Et
1314 1911 1442 1952 Italiae

111 1982 201 2019 ora,
233 1970 328 2024 quia
365 1971 567 2011 incertum
598 1979 698 2018 erat,
729 1967 812 2023 quo
852 1969 1003 2009 missuri
1040 1970 1198 2010 claffem
1221 1968 1443 2025 Karthagi-

116 2028 273 2069 nienses
309 2028 459 2078 forent,
512 2029 771 2082 (videbantur
806 2038 960 2078 autem,
1007 2028 1203 2082 quicquid
1239 2030 1444 2068 nudatum

115 2087 308 2142 praefidiis
331 2088 440 2140 effer,
473 2087 657 2143 petituri)
680 2087 742 2126 M.
769 2086 947 2136 Marcio,
979 2098 1143 2141 praetorl
1165 2086 1309 2142 prioris
1330 2087 1442 2135 anni,

175 2145 294 2187 ToM.
318 2146 392 2187 IV.
789 2144 829 2184 T
1347 2159 1445 2186 cum

110 2282 171 2326 (4)
183 2282 260 2315 Vid.
277 2286 295 2324 †
311 2296 464 2326 cognomen.
482 2282 514 2314 8<
528 2293 613 2318 mox,
638 2282 680 2314 ad
699 2283 832 2313 Lucretio
851 2283 966 2325 Spurio,
988 2281 1057 2313 vid.
1072 2284 1091 2325 ’ξ-
1109 2293 1307 2325 praenomen.

162 2350 203 2380 C.
223 2357 251 2380 2.
270 2348 326 2389 (1)
353 2349 402 2378 Eo
420 2348 544 2378 ducunt
572 2346 723 2378 codicum
758 2345 903 2389 vestigia,
926 2354 962 2377 ut
994 2346 1166 2388 plusquam
1196 2346 1369 2378 verisimile
1398 2345 1447 2379 sit·

115 2395 291 2438 legendum
308 2392 381 2429 effe,
410 2394 448 2424 {9³
463 2396 529 2435 quia
541 2405 573 2423 ne
588 2406 642 2434 qua
662 2392 753 2434 clnſjis
771 2392 833 2423 Cve.
849 2392 1044 2423 continuata
1062 2393 1201 2433 periodo
1217 2393 1258 2425 ab
1273 2392 1368 2423 initio
1392 2404 1445 2424 ca—

118 2441 210 2485 pitis,
259 2440 306 2470 Ita
334 2438 458 2480 duplex
489 2437 626 2470 affertur
654 2437 739 2468 ratio
766 2448 825 2468 cur
848 2437 912 2468 tria
938 2437 1041 2468 millia
1066 2437 1209 2469 militum
1238 2438 1272 2469 in
1303 2437 1447 2470 Siciliam

119 2487 241 2530 scripta
255 2483 400 2522 suerint3
424 2483 540 2521 altera,
563 2481 640 2524 quia
657 2482 761 2514 insula
779 2493 847 2513 non
873 2482 951 2514 satis
969 2482 1065 2513 firmo
1089 2483 1234 2525 praesidio
1253 2483 1447 2522 tenebatur3

92 2531 95 2534 ’
117 2534 232 2569 altera,
254 2538 290 2561 ut
327 2530 407 2561 novi
435 2528 556 2561 milites
590 2528 842 2570 imponerentur
876 2527 910 2559 in
927 2537 1037 2566 naves,
1060 2529 1180 2569 quibus
1197 2539 1255 2560 ora
1283 2529 1448 2561 maritima

117 2577 344 2610 custodiretur.
393 2576 449 2615 (2)
469 2577 570 2606 immo
587 2572 724 2605 biennio
741 2576 815 2604 ante
835 2573 942 2605 fuerat
971 2573 1025 2605 ille
1052 2583 1180 2616 praetor.
1230 2576 1381 2606 Proxime
1399 2574 1449 2605 su-

112 2624 245 2665 periore
279 2632 381 2659 anno,
404 2628 583 2664 prorogato
612 2619 766 2661 imperio,
787 2619 887 2661 jutius
904 2627 974 2652 erat
992 2618 1148 2652 Sardiniae
1169 2631 1262 2652 oram
1286 2632 1360 2652 cum
1375 2622 1447 2651 XL.

1309 2665 1449 2698 navibus

1590 167 1670 215 273
