1840 3094
150 1646 202 1677 Ex
213 1657 277 1688 equo
283 1652 356 1688 pro·

145 1690 275 1725 labitur.

152 1828 270 1873 Signum
294 1843 355 1862 con-

151 1879 225 1909 velli
252 1884 357 1917 nequtt.

853 199 909 245 T.
962 201 1164 246 LIVII

358 321 489 362 mines
511 319 806 371 consulentem,
839 320 1031 362 ferociter
1062 321 1201 363 omnia
1218 335 1263 362 ac
1284 333 1540 376 prccpropere
1562 319 1680 361 actu-

359 395 464 421 rum.
502 392 665 434 quoque
704 383 766 435 (3)
798 380 966 434 pronior
988 381 1082 422 effe:
1105 382 1146 421 in
1169 381 1263 420 vitia
1285 380 1369 429 sua,
1402 381 1554 435 agitare
1581 391 1679 419 eum

359 449 482 493 atque
505 438 663 479 irritare
683 438 839 479 Poenus
861 449 998 493 parat:
1029 452 1086 489 et,
1127 440 1225 480 laevfi
1263 439 1408 479 relicto
1428 438 1561 487 hoste,
1592 438 1681 477 Fae-

361 496 466 538 sulas
484 507 641 552 petens,
661 497 797 538 medio
816 497 992 538 Etruria:
1007 512 1104 553 agro
1128 501 1190 552 (4)
1212 498 1437 552 praedatum
1452 494 1684 552 profectus,

363 566 558 609 quantam
581 556 801 596 maximam
823 556 1051 596 vastitatem
1084 556 1230 610 potest,
1261 556 1442 597 caedibus
1470 552 1687 596 incendiis-

364 629 445 668 que
476 614 633 656 consuli
656 616 799 668 procul
821 614 1009 655 ostendit.
1074 616 1316 668 Flaminius,
1347 615 1418 669 qui
1451 628 1502 654 ne
1544 611 1684 667 quieto

364 673 533 727 quidem
567 672 679 714 hoste
712 672 793 727 ipse
828 673 1040 727 quieturus
1062 684 1164 723 erat,
1195 685 1284 716 turn
1324 675 1440 722 vero,
1470 672 1687 727 postquam

365 745 429 772 res
452 730 654 772 sociorum
675 742 767 772 ante
785 734 928 773 oculos
951 735 1078 786 prope
1101 732 1192 773 suos
1216 740 1239 781 †
1262 727 1359 773 ferri
1392 732 1539 787 agique
1570 728 1688 777 vidit,

366 790 486 831 suum
517 791 558 830 id
580 791 758 832 dedecus
789 802 917 841 ratus,
949 805 1020 844 per
1052 791 1229 832 mediam
1260 792 1347 846 jam
1367 790 1530 831 Italiam
1549 787 1689 843 vzgari

366 851 563 899 Poenum,
594 858 735 903 atque,
765 848 978 890 obfistente
1000 851 1129 899 nullo,
1151 851 1201 890 ad
1223 849 1305 904 ipsa
1325 850 1517 890 Romana
1534 845 1689 888 moenia

366 909 424 948 ire
441 909 738 964 oppugnanda;
760 909 905 948 ceteris
919 908 1110 949 omnibus
1123 910 1199 961 in†
1211 908 1375 949 consilio
1393 907 1579 948 salutaria
1601 919 1690 945 ma-

366 967 444 1023 gis,
476 966 602 1021 quam
644 966 835 1022 speciosa,
867 966 1146 1019 suadentibus,
1176 967 1343 1021 collegam
1385 964 1691 1024 εκᾹοεὲῖαηᾱιιην,

369 1035 411 1066 ut
431 1027 637 1081 conjunHis
657 1027 897 1077 exercitibus,
928 1027 1111 1066 communi
1132 1027 1255 1066 animo
1274 1025 1485 1081 consilioque
1519 1039 1597 1063 rem
1624 1037 1692 1077 ge·-

369 1094 497 1125 rerent
511 1107 525 1131 ,·
558 1081 709 1124 interirh
730 1086 898 1138 equitatu
925 1085 1145 1139 auxiliisque
1165 1085 1308 1124 levium
1329 1098 1522 1124 armorum
1557 1083 1605 1122 ab
1635 1081 1693 1137 qs·-

369 1143 463 1200 fusc‘i
485 1147 545 1198 (5)
562 1143 763 1198 praedandi
783 1144 937 1183 licentia
958 1143 1087 1198 hqstem
1117 1142 1355 1183 cohibendum
1377 1164 1392 1189 ς
1425 1142 1552 1183 iratus
1579 1139 1618 1180 se
1640 1154 1692 1180 ex

370 1200 537 1242 consilio
570 1201 789 1255 proripuit,
837 1201 1075 1256 signumque
1110 1200 1226 1241 simul
1267 1200 1425 1241 itineris
1460 1212 1694 1255 pugnaeque

370 1257 595 1315 proposuit.
659 1258 774 1314 Quin
796 1261 905 1299 immo
926 1260 1080 1300 Arretii
1099 1268 1186 1299 ante
1225 1261 1360 1300 moenia
1382 1259 1599 1316 fideamus,
1630 1257 1696 1297 ina

369 1318 462 1372 quit
479 1339 494 1364 ,·
526 1316 591 1358 hic
620 1319 718 1357 enim
734 1318 869 1371 patria
890 1326 925 1358 et
932 1326 1088 1372 penates
1089 1319 1199 1372 sunt.
1262 1317 1468 1358 Hannibal
1488 1318 1551 1373 (6)
1584 1314 1696 1373 emts-

357 1377 430 1432 fies
461 1392 480 1415 e
514 1376 686 1416 manibus
699 1378 974 1430 perpopuletur
994 1377 1170 1425 Italiam,
1202 1376 1450 1433 vastandoque
1487 1385 1523 1416 et
1558 1374 1698 1416 urendo

371 1435 495 1475 omnia
516 1434 569 1476 acl
586 1435 761 1475 Romana
805 1436 940 1475 maem'a
973 1437 1175 1490 perveniat
1191 1457 1206 1481 ;
1240 1451 1304 1476 nec
1323 1434 1415 1476 ant?
1433 1450 1497 1475 nos
1515 1434 1604 1475 hinc
1621 1449 1698 1473 mo·-

371 1494 561 1544 verimus,
591 1493 722 1547 quhm,
737 1492 843 1548 ficut
876 1493 961 1533 olim
998 1494 1212 1534 Camillum
1247 1495 1293 1535 ab
1326 1494 1445 1549 Vejis,
1479 1493 1526 1534 C.
1548 1493 1699 1533 Flami-

374 1553 480 1592 nium
501 1553 547 1592 ab
566 1552 723 1592 Arretio
743 1552 885 1592 Patres
914 1553 1135 1592 acciverint.
1195 1551 1301 1593 Haec
1323 1552 1439 1592 fimul
1466 1551 1700 1606 increpanS‚

374 1624 504 1664 quum
521 1610 639 1652 ocius
660 1610 770 1666 ligna
789 1611 962 1651 convelli
979 1610 1157 1666 juberet,
1189 1621 1231 1651 et
1251 1610 1334 1666 ipse
1367 1611 1409 1651 in
1425 1624 1580 1664 equum
1605 1609 1700 1650 infi-

375 1669 524 1721 luiffet,
555 1683 685 1723 equus
699 1673 868 1723 repente
889 1669 1061 1719 corruit,
1093 1669 1384 1723 consulemque
1402 1668 1558 1724 lapsum
1579 1667 1700 1723 super

376 1737 501 1782 caput
521 1727 681 1768 effudit.
740 1726 915 1768 Territis
936 1727 1143 1777 omnibus,
1175 1728 1246 1782 qui
1285 1728 1395 1769 circa
1423 1737 1556 1780 erant,
1588 1729 1701 1769 velut

375 1786 492 1827 foedo
511 1786 650 1827 omine
670 1786 913 1841 incipiendae
951 1787 1028 1838 rei,
1059 1787 1223 1841 insuper
1257 1786 1493 1836 nunciatur,
1523 1786 1700 1842 signum,

375 1845 490 1886 omni
510 1845 551 1885 vi
570 1845 766 1886 moliente
784 1844 990 1900 signifero,
1021 1845 1195 1886 convelli
1223 1845 1407 1899 nequire.
1467 1844 1700 1886 Conversus

377 1905 430 1946 ad
468 1903 686 1953 nuncium,
714 1906 776 1958 (7)
807 1903 917 1944 Num
954 1904 1085 1944 literas
1124 1919 1275 1958 quoque,
1307 1903 1456 1958 inquit,
1487 1904 1534 1944 ab
1558 1903 1700 1961 senatu

377 1962 512 2020 ff’1‘5‚
543 1979 620 2017 quae
641 1978 697 2002 me
718 1978 796 2002 rem
813 1977 944 2017 gerere
963 1971 1089 2002 vetent
1107 1965 1127 2001 ,Ρ
1160 1963 1258 2015 Abi,
1289 1964 1442 2012 nuncia,
1456 1960 1611 2017 signum
1643 1963 1700 2019 es—

363 2021 538 2080 fidiam,
550 2021 594 2076 st
625 2021 678 2061 ad
706 2021 985 2062 convellendum
1021 2036 1156 2061 manus
1185 2029 1269 2074 prae
1299 2030 1400 2062 metu
1428 2023 1697 2075 obtotptaeerinl.

377 2080 574 2121 Incedere
596 2080 691 2120 inde
713 2093 861 2135 agmen
883 2079 1036 2133 coepit3
1069 2079 1330 2134 primoribus,
1358 2082 1418 2135 (8)
1435 2081 1552 2136 super
1573 2083 1699 2134 qutim

377 2139 493 2192 quod
510 2138 768 2179 dissenserant
784 2153 806 2178 a
825 2139 1005 2187 consilio,
1028 2139 1176 2180 territis
1188 2139 1309 2179 etiam
1325 2139 1478 2194 duplici
1495 2139 1701 2196 prodigio3

377 2197 507 2237 milite
530 2199 595 2252 (9)
616 2196 658 2237 in
677 2198 825 2252 vulgus
846 2198 939 2238 laeto
957 2195 1109 2238 ferocia
1130 2197 1263 2247 ducis,
1295 2212 1425 2252 quum
1462 2198 1574 2254 spem
1611 2212 1697 2239 ma-

376 2255 439 2312 gis
461 2254 606 2311 ipsam,
636 2252 763 2311 quam
784 2255 946 2297 causam
967 2255 1063 2311 spei,
1095 2256 1339 2298 intueretur.

378 2380 412 2404 et
432 2382 487 2410 44·
512 2380 543 2404 et
560 2371 637 2404 alibi
654 2373 749 2415 saepe.
796 2374 855 2417 (3)
878 2373 900 2405 h
931 2384 961 2405 e.
985 2381 1018 2406 ct
1051 2385 1130 2416 quo.
1179 2374 1237 2417 (4)
1258 2368 1430 2408 Praedatum
1461 2387 1533 2418 agro
1564 2375 1596 2407 h.
1611 2385 1640 2408 e.
1662 2373 1699 2407 fn

377 2427 468 2458 agro,
491 2426 527 2449 ut
545 2417 631 2449 iufra
648 2429 676 2450 c.
701 2429 757 2459 31.
779 2421 850 2463 ocſs
864 2419 972 2460 insulis
989 2420 1125 2451 cultorum
1138 2422 1279 2464 egentibus
1290 2425 1504 2463 predaremur.
1541 2419 1700 2453 Similiter

374 2465 547 2505 percursant
563 2464 744 2506 totisfinihus
776 2464 865 2497 infra
891 2466 912 2497 1.
930 2475 983 2506 23.
1009 2477 1037 2498 c.
1056 2475 1110 2503 42.
1159 2469 1216 2507 (5)
1240 2466 1352 2510 Magis
1382 2467 1525 2508 placeret
1541 2466 1635 2508 iffae,
1661 2474 1708 2497 ut

381 2506 468 2538 insti
485 2508 506 2537 l.
524 2517 577 2547 34.
599 2520 626 2540 c.
645 2511 696 2541 16.
717 2512 839 2555 {ffb-fisa,
861 2518 892 2541 ut
903 2512 1016 2554 spatfis
1031 2511 1254 2554 host1busfi1g15.
1275 2515 1405 2554 pra-uati
1418 2512 1492 2553 sunt.
1536 2511 1594 2551 (6)
1618 2511 1695 2542 Vid.

378 2559 448 2584 not.
463 2561 490 2582 1.
516 2554 557 2584 ad
571 2565 600 2585 c.
620 2553 675 2591 48.
696 2555 717 2586 l.
738 2564 791 2588 21.
813 2557 921 2597 supra.
968 2557 1025 2597 (7)
1050 2558 1125 2588 Vid.
1146 2565 1214 2589 not.
1229 2566 1258 2596 3.
1287 2568 1305 2588 a
1323 2560 1377 2592 dc.
1396 2557 1449 2596 63.
1472 2556 1495 2586 l.
1515 2566 1566 2588 21.
1589 2557 1699 2599 supra.

375 2596 436 2637 (8)
459 2597 493 2628 h.
510 2609 538 2629 e.
561 2607 778 2641 praetcrquam
795 2603 895 2643 quud.
943 2601 994 2633 Sic
1011 2601 1097 2633 infra
1115 2602 1134 2633 l.
1153 2612 1203 2641 27.
1230 2613 1256 2634 c.
1277 2611 1328 2634 20.
1358 2601 1529 2634 Marcellus
1545 2605 1631 2633 etiam
1646 2605 1699 2634 ad-

376 2645 457 2683 verso
471 2656 580 2674 rumcre
593 2646 650 2688 effe,
665 2647 716 2687 J“l
724 2660 754 2676 er
771 2658 851 2686 quam
869 2647 958 2689 tudj
966 2648 1036 2678 rimb
1047 2647 1329 2693 malc‘pugnavemt.
1370 2647 1429 2690 (9)
1454 2649 1491 2678 In
1511 2649 1699 2690 ·z·ulgus,pro

377 2687 481 2733 911419.
514 2689 602 2722 Infra
620 2701 646 2723 c.
664 2698 718 2723 12.
738 2693 797 2725 dcin
808 2692 973 2736 propalam
983 2697 1013 2725 in
1027 2696 1141 2738 vulgus.

1379 2736 1455 2779 IV.
1488 2735 1700 2780 Hannibal
