1834 3099
118 145 201 199 296

121 712 299 745 Hannibalis

120 761 249 790 revocati
261 770 296 787 ex

123 804 219 835 Italia
231 805 316 834 dolor.

847 133 1150 187 T.1.1v11

347 283 444 325 agro
477 265 732 309 Crotoniensi
770 265 854 307 acie
891 266 1086 306 conflixit.
1166 264 1351 305 Obscura
1393 266 1481 321 ejus
1522 273 1671 320 pugnae

346 329 456 368 sama
478 325 548 367 est.
609 324 801 365 Valerius
826 325 973 366 Antias
996 325 1179 379 quinque
1202 323 1330 363 millia
1362 323 1540 364 hostium
1570 321 1672 363 caesa

346 389 416 426 a‘1't.
455 399 545 439 quae
578 392 688 424 tanta
710 397 773 423 res
795 381 868 434 est,
899 393 944 424 ut
979 395 1050 423 aut
1078 383 1340 437 impudenter
1369 380 1468 423 fieta
1505 381 1567 432 fit,
1598 389 1671 420 aut

348 444 605 500 negligenter
626 441 902 496 praetermiffa.
964 441 1082 482 Nihil
1105 440 1212 482 certe
1249 438 1357 481 ultra
1391 439 1450 480 rei
1482 439 1524 480 in
1556 438 1674 479 Italia

348 503 399 543 ab
420 501 653 543 Hannibale
675 501 846 556 gestum.
864 515 957 541 nam
971 501 1021 541 ad
1044 514 1140 540 eum
1163 514 1328 554 quoque
1350 498 1472 554 legati
1489 498 1538 538 ab
1567 497 1673 538 Kar-

349 561 530 616 thagine,
561 570 752 600 vocantes
787 559 831 598 in
865 559 1066 610 Africam,
1113 559 1161 600 iis
1194 559 1301 600 forte
1331 557 1491 607 diebus,
1523 555 1674 611 quibus

349 621 400 660 ad
421 620 662 674 Magonem,
693 628 906 658 venerunt.

407 677 504 718 XX.
538 677 746 718 Frendens
782 676 1044 732 gemensque,
1076 691 1121 717 ac
1141 677 1206 716 vix
1229 674 1407 716 lacrimis
1426 682 1675 728 temperans,

350 736 502 778 dicitur
535 737 764 791 legatorum
809 735 931 775 verba
974 735 1137 776 audiffe.
1181 735 1394 790 postquam
1435 733 1545 774 edita
1585 731 1678 771 sunt

350 796 560 844 mandata,
609 794 707 852 Jam
733 809 801 834 non
824 793 1017 848 perplexe,
1050 794 1195 848 inquit,
1214 794 1287 848 sed
1310 793 1445 849 palam
1482 798 1677 842 revocant,

349 856 429 910 qui,
475 854 634 893 vetando
656 853 953 908 supplementum
987 853 1039 894 Εἴ
1063 855 1260 907 pecuniam
1301 852 1415 901 mitti,
1441 848 1677 906 jampridem

351 912 603 952 retrahebant.
669 911 771 950 Vicit
805 927 890 966 ergo
913 911 1166 951 Hannibalem
1197 926 1265 950 non
1294 913 1448 965 populus
1481 909 1679 949 Romanus

351 973 455 1012 toties
491 970 597 1025 caesus
619 969 866 1026 fltgattgsque,
886 969 958 1024 sed
974 969 1132 1023 senatus
1154 967 1481 1024 Karthaginiensis
1500 968 1680 1008 obtreHa-

351 1032 446 1071 tione
473 1037 582 1083 atque
602 1027 768 1068 invidia.
792 1043 905 1082 neque
924 1027 997 1068 hdc
1018 1027 1250 1084 defirmitate
1274 1027 1417 1066 reditiks
1439 1028 1509 1066 mei
1522 1034 1602 1065 tam
1625 1024 1678 1067 P.

354 1089 472 1142 Scipio
505 1086 702 1143 exsultabit
721 1094 841 1140 atque·
862 1085 987 1143 ᾔει-ετ
1002 1087 1093 1142 sest,
1123 1085 1237 1140 qubm
1259 1085 1424 1137 Isanno,
1455 1085 1520 1138 qui
1538 1084 1681 1124 domum

353 1146 528 1202 nqstram,
559 1145 702 1200 quando
735 1143 815 1186 alisi
848 1160 888 1184 re
918 1160 987 1184 non
1015 1146 1152 1198 potuit,
1184 1144 1303 1183 ruina*
1331 1142 1590 1198 Karthaginis
1620 1151 1682 1195 op-

345 1204 486 1261 P¹'sffi²‘·
550 1205 643 1257 Jam
669 1203 747 1244 hoc
772 1203 903 1257 ipsum
934 1203 1177 1259 praesagiens
1200 1201 1353 1250 animo,
1385 1209 1682 1256 praeparaverat

353 1263 447 1304 ante
470 1277 605 1303 naves.
628 1262 780 1315 itaque,
802 1262 937 1302 inutili
953 1262 1132 1302 militum
1155 1260 1273 1301 turba
1287 1260 1457 1315 praefidii
1478 1259 1608 1314 specie
1630 1258 1674 1298 in

356 1321 509 1377 oppida
538 1321 689 1361 Bruttii
710 1320 810 1375 agri,
843 1335 935 1374 quae
963 1335 1093 1374 pauca
1125 1319 1254 1375 magis
1277 1330 1406 1369 metu,
1438 1317 1562 1373 quam
1585 1316 1683 1367 fide,

352 1379 686 1428 continebantur,
718 1379 892 1429 dimissa,
923 1380 1033 1432 quod
1056 1378 1212 1419 roboris
1230 1378 1272 1417 in
1300 1377 1485 1419 exercitu
1501 1386 1604 1427 erat,
1639 1376 1683 1416 in

356 1438 546 1481 Africam
570 1438 814 1478 transvexit:
846 1438 987 1478 multis
1019 1438 1148 1478 Italici
1169 1436 1329 1493 generis
1361 1436 1474 1491 (quia
1508 1435 1550 1476 in
1570 1434 1686 1476 Afri-

356 1512 448 1538 cam
472 1497 681 1538 secuturos
699 1496 924 1537 abnuentes
947 1497 1222 1538 concesserant
1242 1495 1283 1535 in
1306 1495 1482 1548 Junonis
1503 1493 1684 1534 Laciniae

356 1554 596 1605 delubrum,
628 1555 871 1595 inviolatum
894 1556 942 1595 ad
961 1569 1051 1595 eam
1078 1556 1205 1608 diem)
1223 1554 1265 1593 in
1287 1554 1441 1608 templo
1463 1552 1548 1608 ipso
1571 1551 1684 1593 foede

357 1614 602 1654 interfectis.
682 1614 798 1654 Raro
844 1628 1094 1668 quemquam
1145 1613 1286 1662 alium,
1338 1612 1512 1667 patriam
1559 1611 1685 1651 exfilii

357 1671 478 1712 causa
499 1673 815 1725 relinquentem,
847 1672 976 1727 magis
1005 1672 1199 1712 moestum
1221 1671 1340 1711 abisse
1373 1670 1526 1719 ferunt,
1559 1670 1684 1724 quam

358 1730 637 1770 Hannibalem
667 1729 845 1770 hostium
875 1731 982 1771 terra
1010 1732 1304 1772 excedentem:
1335 1728 1546 1783 respexiffe
1582 1728 1686 1783 saepe

358 1788 486 1829 Italiae
510 1789 644 1837 litora,
678 1792 715 1830 δι
742 1789 855 1829 Deos
873 1789 1139 1844 hominesque
1157 1787 1430 1837 accusantem,
1463 1788 1504 1827 in
1526 1786 1565 1827 se
1579 1801 1683 1842 quo-

359 1861 441 1900 que
460 1861 505 1887 ac
528 1846 647 1886 suum
670 1847 790 1901 ipsius
817 1858 939 1901 caput
968 1848 1220 1888 exsecratum
1241 1850 1317 1901 (1),
1352 1846 1477 1901 ,Qubd
1502 1861 1571 1886 non
1598 1861 1687 1886 cru·-

360 1914 487 1944 cntum
525 1906 573 1945 ab
600 1905 782 1960 Cannetgfi
808 1908 973 1946 «υἱὲῗονὶά
1004 1907 1155 1946 militem
1194 1906 1355 1945 Romam
1377 1904 1544 1961 duxfflt·
1608 1904 1688 1945 Sci-

356 1965 505 2017 pionem
527 1966 583 2003 ire
603 1964 655 2003 ad
673 1963 953 2018 Karthaginem
982 1966 1126 2022 aufitm,
1158 1965 1223 2018 qui
1252 1963 1374 2019 consul
1394 1963 1522 2020 hostem
1542 1965 1582 2003 in
1604 1963 1687 2003 Ita-

362 2022 420 2061 lid
444 2021 597 2061 Paenum
633 2038 702 2061 mn
726 2023 882 2078 vidgſjet.
902 2025 962 2078 β’,
993 2036 1138 2064 centum
1175 2022 1335 2062 millibus
1369 2030 1603 2068 armatorum
1638 2021 1692 2063 ad

367 2077 626 2133 Trqfimenum
672 2081 724 2122 Εἴ
762 2081 915 2120 Cannas
947 2081 1053 2137 affis,
1084 2084 1184 2122 εἶναι
1209 2079 1430 2133 Cefilinum,
1464 2079 1689 2136 Cumtffque,

369 2138 421 2178 {⁶2³
443 2139 580 2178 Nolam
601 2140 820 2195 consetmqffi.
884 2139 988 2180 Haec
1018 2140 1210 2181 accusans
1228 2137 1498 2193 querensque,
1529 2152 1579 2179 ex
1597 2138 1690 2178 diu-

366 2195 453 2235 tina
472 2196 702 2250 poffeffione
729 2198 853 2240 ltaliae
875 2197 929 2237 est
954 2199 1175 2239 detraffius.

424 2254 541 2296 XXI.
577 2255 756 2295 Romam
779 2270 850 2310 per
872 2255 1034 2298 eosdem
1067 2258 1168 2306 dies,
1202 2259 1242 2298 δι’
1265 2255 1492 2311 Magonem
1513 2256 1552 2296 &
1570 2254 1689 2295 Han-

365 2311 544 2354 nibalem
570 2313 794 2368 profectos,
827 2319 849 2367 ἶ,
871 2315 1039 2356 allatum
1071 2315 1142 2356 est.
1175 2314 1293 2370 cujus
1315 2314 1489 2369 duplicis
1511 2313 1691 2369 gratula-

413 2463 449 2493 C.
468 2471 523 2493 20.
540 2461 596 2503 (t)
613 2463 717 2503 Supra
737 2462 756 2493 l.
770 2472 823 2494 10.
843 2462 924 2494 c.28.
946 2464 1018 2494 Haec
1034 2465 1189 2504 exstet-atus
1207 2465 1276 2509 infi
1292 2464 1438 2507 hostesque.
1450 2462 1537 2496 infra
1553 2462 1574 2493 l·
1587 2471 1683 2504 39.c.

368 2516 408 2547 51
418 2531 424 2538 .
451 2509 619 2549 Basa-cratus
634 2511 729 2539 deinde
744 2512 773 2539 in
783 2516 867 2551 caput
885 2522 1049 2551 regnumque
1066 2510 1184 2553 l’rufiae.

1566 2581 1689 2625 tionis
