1834 3099
364 147 589 188 LIBER
637 147 820 200 XXVII.
867 148 955 189 CA
976 150 1018 190 P.
1073 145 1192 190 Vm.

121 264 224 305 (lotii
246 265 478 320 repetebat:
510 267 652 306 datum
670 265 711 305 id
732 279 827 306 cum
849 266 942 320 tog&
954 266 1171 320 praetext2⁶1‚
1203 268 1244 308 δι
1267 266 1359 306 ΓεΠὲ
1377 280 1448 307 cu·-

123 323 218 375 ruli,
251 327 291 365 δε
315 327 375 380 (4)
398 325 580 365 flaminio
601 325 690 364 esse.
754 325 924 374 Praetor‚
957 339 1040 364 non
1058 324 1226 365 exoletis
1250 324 1448 365 vetustate

123 383 334 423 annalium
366 385 564 438 exemplis
593 383 695 422 stare
726 383 810 438 jus,
843 383 909 423 sed
947 383 1227 424 recentissimae
1251 383 1449 439 cujusque

123 441 432 483 consuetudinis
473 443 562 489 usu⁴¹
597 441 784 481 volebat:
818 455 892 481 nec
935 456 1115 496 patrum,
1163 457 1238 483 nec
1279 457 1451 482 avorum

125 502 323 541 memori&
356 502 519 541 Dialem
552 515 787 555 quenquam
812 500 852 540 id
875 501 944 556 jus
981 501 1196 556 usurpaffe.
1256 501 1451 551 Tribuni,

123 573 211 599 rem
245 559 391 600 inertia
427 559 639 600 flaminum
673 559 931 600 obliteratam
969 559 1076 613 ipsis,
1106 574 1189 599 non
1212 559 1454 610 sacerdotio,

125 619 277 659 damno
304 618 435 669 fuisse,
468 633 597 673 quum
625 632 792 671 aequum
815 618 1070 667 censuiss'ent,
1103 633 1154 658 ne
1177 618 1262 672 ipso
1285 619 1453 671 quidem

123 675 267 717 contr&
284 680 476 718 tendente
495 687 682 732 praetore,
702 691 851 732 magno
869 677 1022 717 assensu
1037 677 1208 717 Patrum
1226 677 1453 731 plebisque,

126 735 334 776 flaminem
357 738 398 776 in
420 737 602 776 senatum
628 736 972 784 introduxerunu,
1005 735 1198 776 omnibus
1229 737 1284 775 ita
1317 736 1454 776 existi-

124 795 348 844 mantibus,
365 796 496 851 magis
511 794 724 835 sanctitate
742 795 851 843 vitre,
874 793 998 849 quum
1019 794 1349 851 sacerdotiijure,
1364 809 1452 835 rem

124 868 214 894 eam
239 854 447 895 flaminem
469 853 697 894 obtinuisse.
732 853 931 894 Consules
954 854 1087 909 prius,
1119 852 1246 908 quum
1279 854 1321 893 in
1359 868 1454 908 pro-

129 913 284 954 vincias
301 913 425 966 irent,
446 914 548 953 duas
571 912 746 953 urbanas
768 912 1081 969 legiones;(5)in
1104 912 1454 968 supplementum,

122 982 325 1026 quantum
356 986 460 1028 opus
492 983 578 1013 erat
610 972 755 1012 ceteris
778 972 1024 1012 exercitibus
1059 972 1255 1024 militum,
1288 971 1454 1027 scripse-

121 1040 231 1071 runt.
296 1031 523 1072 Urbanum
564 1042 746 1071 veterem
786 1031 1012 1072 exercitum
1036 1031 1205 1071 Fulvius
1238 1030 1379 1071 consul
1402 1031 1452 1072 C.

123 1089 270 1130 Fulvio
291 1090 440 1131 Flacco
456 1092 590 1145 legato
613 1090 755 1144 (frater
775 1089 843 1130 hic
866 1089 1042 1130 consulis
1064 1093 1168 1145 erat)
1189 1090 1231 1129 in
1246 1090 1453 1130 Etruriam

123 1149 237 1189 dedit
254 1150 510 1199 ducendum,
545 1152 583 1190 ἃ
609 1149 806 1204 legiones,
839 1164 931 1203 quae
955 1149 995 1189 in
1018 1149 1179 1189 Etrurifr
1201 1160 1333 1200 erant,
1366 1150 1455 1189 Ro-

124 1222 235 1248 mam
259 1209 535 1249 deducendas.
598 1208 650 1248 Et
670 1207 820 1248 Fabius
849 1208 990 1248 consul
1020 1208 1212 1262 reliquias
1249 1206 1454 1248 exercitus

124 1267 314 1307 Fulviani
335 1267 583 1321 conquisitas
602 1266 733 1320 (fuere
769 1277 907 1307 autem
931 1268 980 1307 ad
1017 1267 1093 1307 tria
1117 1267 1244 1307 millia
1280 1268 1453 1307 trecenti

125 1326 292 1381 triginta
315 1325 399 1382 sex)
422 1326 738 1384 QMaximum
775 1325 907 1366 filium
931 1327 1081 1366 ducere
1119 1327 1159 1366 in
1182 1326 1365 1367 Siciliam
1403 1328 1451 1367 ad
1473 1348 1627 1378 Exempla
1643 1350 1672 1378 5„

125 1384 189 1424 M.
213 1385 428 1425 Valerium
452 1385 887 1440 procoxisulemjussit:
920 1395 1042 1440 atque
1080 1384 1129 1425 ab
1160 1398 1210 1425 eo
1231 1386 1332 1426 duas
1355 1386 1454 1441 legi-
1476 1392 1591 1425 Sicilia.

122 1457 223 1484 ones
248 1445 290 1484 δε
323 1444 490 1499 triginta
525 1443 844 1509 quinqueremes
881 1444 1066 1498 accipere
1099 1446 1176 1499 (6).
1237 1444 1355 1484 Nihil
1388 1444 1455 1486 hae

121 1501 285 1543 edufflae
307 1515 357 1543 ex
375 1502 504 1554 insula
525 1503 706 1555 legiones
729 1502 970 1543 minuerunt
986 1517 1061 1544 nec
1089 1502 1242 1543 viribus
1270 1518 1345 1544 nec
1367 1503 1455 1573 spe-

122 1561 185 1603 cie
203 1562 292 1618 ejus
313 1561 534 1617 provinciae
557 1561 801 1616 presidium.
827 1576 921 1602 nam
946 1576 1091 1616 quum,
1124 1572 1271 1616 praeter
1291 1561 1453 1618 egregie

122 1620 328 1676 suppletas
352 1621 451 1662 duas
474 1630 631 1662 veteres
662 1621 860 1676 legiones,
893 1620 1201 1677 transfugarum
1217 1621 1341 1661 etiam
1361 1621 1456 1661 Nu-

121 1680 328 1721 midarum
349 1680 538 1734 equitum
561 1680 831 1735 peditumque
851 1694 1043 1736 magnam
1074 1680 1159 1720 vim
1181 1679 1350 1721 haberet
1373 1684 1451 1736 (7),

127 1738 290 1780 Siculos
326 1753 509 1794 quoque,
563 1739 633 1793 qui
666 1740 708 1778 in
740 1740 922 1780 exercitu
960 1739 1153 1795 Epicydis
1193 1750 1263 1780 aut
1299 1740 1452 1780 Poeno-

124 1812 219 1839 rum
240 1797 420 1847 fuerant,
451 1798 547 1839 belli
569 1797 722 1853 peritos
744 1799 867 1847 viros,
900 1798 1051 1839 milites
1073 1798 1240 1853 scripsit.
1303 1799 1361 1839 Ea
1381 1813 1454 1840 ex-

123 1866 240 1898 terna
261 1857 410 1898 auxilia
432 1872 561 1912 quum
585 1858 751 1913 singulis
784 1857 987 1899 Romanis
1020 1858 1250 1913 legionibus
1280 1858 1454 1913 adjunx-

126 1916 226 1965 isset,
280 1917 457 1957 duorum
494 1916 669 1971 speciem
707 1917 962 1956 exercituum
1002 1916 1198 1956 servavit:
1229 1917 1358 1957 altero
1400 1917 1450 1958 L.

125 1973 321 2015 Cincium
357 1985 515 2030 partem
551 1974 710 2024 insulae,
751 1975 831 2029 qu&
865 1989 1039 2030 regnum
1074 1975 1272 2015 Hieronis
1303 1975 1454 2026 fuerat,

124 2033 384 2089 tuerijuffit3
419 2035 546 2074 altero
564 2033 646 2088 ipse
668 2044 844 2073 ceteram
868 2034 1041 2073 insulam
1064 2033 1271 2084 tuebatur,
1307 2037 1368 2089 (8)
1389 2035 1454 2075 di-

124 2091 250 2132 visam
269 2093 478 2146 quondam
493 2092 676 2133 Romani
698 2091 928 2146 Punicique
947 2091 1107 2147 imperii
1121 2092 1272 2134 finibus
1291 2109 1303 2142 3
1337 2094 1452 2134 claffe

1284 2167 1452 2207 quoque

124 2278 157 2303 at
170 2269 317 2313 sequenti
332 2271 400 2302 duo
412 2271 514 2302 Publii
530 2269 664 2307 Licinii,
679 2271 789 2302 Varus
807 2269 837 2300 St
864 2270 1006 2308 Crassus,
1031 2270 1086 2302 ille
1104 2271 1266 2311 urbanus,
1287 2270 1341 2303 hic
1359 2282 1454 2314 pere-

126 2316 261 2360 grinus3
282 2317 449 2348 urbanum
466 2324 576 2349 autem
593 2315 757 2359 intelligit.
803 2316 883 2347 Vid.
908 2316 996 2348 infr&
1014 2328 1044 2349 c.
1071 2327 1126 2350 21.
1145 2318 1177 2347 δε
1195 2327 1246 2350 22.
1293 2318 1351 2359 (4)
1375 2320 1454 2349 Om-

125 2362 207 2399 nino
221 2363 292 2394 dele
310 2363 343 2393 τὸ
365 2364 414 2400 255³,
436 2370 474 2394 ut
497 2363 706 2405 voxflamiuio
722 2361 904 2404 accipiatur
930 2363 962 2393 in
980 2363 1081 2394 dandi
1098 2364 1182 2395 casu.
1228 2365 1279 2396 De
1295 2364 1454 2405 praetextiz*

127 2409 161 2440 &
174 2408 251 2441 sella
261 2407 369 2440 curuli
385 2407 526 2439 flaminis
543 2408 649 2439 Dialis
675 2408 721 2440 est
735 2408 834 2449 supra
852 2408 874 2439 l.
897 2420 920 2440 ι.
943 2420 969 2439 c.
985 2418 1035 2441 20.
1084 2410 1143 2450 (5)
1166 2409 1290 2452 supple
1309 2411 1361 2442 δ’.
1401 2411 1454 2447 Et,

128 2462 250 2497 praeter
266 2454 325 2485 has
348 2455 431 2485 duas
447 2453 603 2497 legioneS,
625 2453 825 2496 scripserunt
842 2462 1005 2495 quantum
1022 2454 1056 2486 in
1085 2455 1352 2498 supplementum
1368 2466 1455 2498 opus

127 2507 197 2532 erat
229 2501 291 2532 ἃς.
339 2500 396 2541 (6)
421 2501 549 2542 Nempe
576 2499 612 2531 in
640 2499 766 2531 Italiam
792 2500 1030 2541 deportandas.
1092 2502 1247 2544 Qatuor
1270 2509 1381 2533 autem
1410 2502 1455 2533 le-

127 2545 242 2588 giones
258 2546 292 2578 in
310 2546 417 2578 Sicilia
436 2554 517 2577 tunc
536 2545 694 2589 temporis
723 2548 825 2577 suere.
849 2545 915 2577 Vid
943 2546 1041 2589 supra
1059 2547 1080 2577 l.
1101 2547 1154 2579 26.
1171 2558 1198 2579 c.
1217 2557 1249 2579 1.
1276 2547 1318 2580 28
1349 2549 1382 2578 8<
1403 2558 1455 2590 29.

127 2591 185 2633 (7)
210 2593 339 2635 Nempe
363 2591 515 2624 Valerius
528 2592 716 2635 proconsul.
762 2591 819 2633 (8)
838 2591 968 2623 Vitium
994 2591 1131 2633 aliquod
1149 2593 1226 2625 huic
1252 2593 1326 2625 loco
1355 2593 1454 2626 ineffe

130 2637 274 2670 videtur.
321 2637 453 2670 Etenim
476 2646 554 2671 ante
569 2637 715 2682 primum
729 2638 891 2671 Punicum
906 2637 1031 2670 bellum
1046 2638 1166 2671 initum
1179 2639 1261 2671 nthl
1287 2639 1321 2670 in
1345 2639 1454 2671 sicilia

1248 2684 1454 2729 poffidebant
