1834 3099
206 164 292 206 226
411 186 414 192 -
947 161 1002 205 T.
1056 162 1251 205 L1V11

418 281 465 338 fi
483 296 568 322 cum
585 281 649 323 M
674 279 792 322 Livio
795 282 1045 337 jumffurum.
1071 282 1189 323 multa
1209 281 1330 322 millia
1352 281 1434 337 ipsts
1449 282 1561 322 etiam
1583 273 1771 322 armanda

431 341 509 398 eff,
542 349 585 381 ut
603 340 739 381 duobus
761 341 929 391 ducibus,
960 342 1098 382 duobus
1119 341 1340 382 exercitibus
1354 342 1541 381 Romanis
1557 339 1770 397 resistatur.

433 400 565 454 Galli,
587 402 778 454 summam
815 400 868 441 ad
899 401 941 441 id
960 401 1076 457 suam
1113 400 1345 441 voluntatem
1385 400 1463 457 ff,
1494 399 1660 442 dicere:
1680 399 1769 457 sc’d,

430 475 547 515 quum
569 475 645 500 una
658 459 779 516 cqstra
799 460 978 501 Romana
1000 461 1106 500 intra
1112 459 1233 516 fines,
1265 461 1388 500 altera
1405 461 1444 499 in
1455 457 1637 516 finitimd
1657 460 1772 500 terrd

430 519 609 560 Etruria
618 517 736 573 prop}
758 520 797 559 in
818 520 1003 573 conspec‘lu
1023 519 1198 568 habeant,
1213 519 1257 574 st
1271 519 1401 573 palam
1408 517 1492 574 fiat
1521 518 1680 559 auxiliis
1699 517 1769 558 ad-

416 581 553 634 jutum
584 579 632 619 ab
641 579 719 634 fise
743 578 917 628 Poenum,
949 579 1127 635 extemplo
1158 578 1302 636 itfi’stos
1324 579 1502 632 utrinque
1521 577 1707 618 exercitus
1727 578 1767 617 in

428 653 569 694 agrum
591 638 708 693 suum
746 638 970 694 incutsuros.
1034 637 1100 678 Ea
1128 639 1173 677 ab
1203 637 1332 679 Gallis
1365 636 1600 693 cle-fiderunt,
1633 637 1768 691 quibus

428 696 570 738 occult}
583 697 900 754 adjuvaripqffi’t.
962 697 1193 752 Liguribus,
1226 696 1322 752 quod
1333 696 1471 750 procul
1482 711 1574 751 agro
1599 695 1768 751 urbibus-

428 773 498 812 que
513 773 637 797 eorum
657 757 778 814 cqstra
800 756 1077 812 Romanafint‚
1108 757 1227 797 libera
1247 755 1391 812 cotgfilia
1411 756 1485 812 effi.
1502 755 1588 796 illos
1608 770 1766 795 armare

414 817 680 872 juventutem,
714 816 768 859 {5³
796 817 975 873 capaeffi’re
1010 818 1076 871 (2)
1090 832 1165 871 pro
1194 825 1307 870 parte
1339 815 1490 863 bellum,
1517 830 1662 870 aequum
1687 814 1763 871 ff·

426 875 604 931 Ligures
641 874 753 916 haud
773 874 951 916 abnuere
972 890 981 915 :
1013 886 1177 930 tempus
1200 874 1325 915 modo
1349 875 1529 915 duorum
1560 873 1764 914 mensium

425 945 567 990 petere
600 934 652 975 ad
683 934 871 975 de1e6tus
909 933 1139 976 habendos.
1220 933 1393 974 Interim
1428 933 1559 989 Mago
1593 932 1763 982 milites,

428 993 563 1034 Gallis
603 992 786 1044 dimiffis,
819 994 925 1034 clam
961 1007 1035 1048 per
1071 1008 1190 1049 agros
1212 1007 1358 1034 eorum
1391 992 1581 1033 mercede
1603 991 1764 1033 condu-

424 1067 532 1094 cere.
555 1061 812 1093 commeatus
835 1066 1001 1107 quoque
1030 1052 1166 1093 omnis
1187 1052 1347 1108 generis
1379 1051 1542 1092 occulte
1578 1052 1629 1092 ad
1662 1064 1761 1092 eum

423 1126 447 1152 a
470 1114 532 1168 (3)
557 1112 691 1153 Gallis
719 1111 883 1167 populis
915 1110 1197 1152 mittebantur.
1262 1111 1327 1151 M.
1351 1111 1492 1152 Livius
1528 1110 1761 1152 exercitum

422 1172 622 1212 volonum
663 1185 714 1212 ex
754 1171 918 1212 Etruria
959 1170 1002 1211 in
1039 1170 1223 1211 Galliam
1257 1169 1464 1211 traducit<
1501 1169 1759 1226 junctusque

420 1229 635 1279 Lucretio,
669 1230 695 1270 fi
713 1228 751 1271 se
770 1230 902 1287 Mago
919 1244 969 1270 ex
992 1229 1214 1286 Liguribus
1229 1228 1400 1284 propius
1415 1227 1560 1270 urbem
1580 1238 1759 1278 moveat,

419 1288 587 1331 obvi-am
618 1290 675 1330 ire
698 1298 841 1345 parat:
873 1289 900 1330 fi
930 1289 1088 1330 Poenus
1111 1289 1185 1330 sub
1217 1289 1369 1344 angulo
1394 1288 1569 1344 Alpium
1592 1288 1759 1343 quietus

418 1348 459 1389 se
476 1348 704 1400 contineat,
740 1350 778 1390 Sc
804 1348 887 1404 ipse
923 1348 966 1389 in
1007 1349 1154 1390 eadem
1189 1348 1358 1405 regione
1380 1347 1490 1389 circa
1514 1347 1757 1389 Ariminum

415 1407 548 1450 Italiae
568 1407 755 1464 praefidio
776 1406 955 1450 futurus.

476 1468 555 1509 VI.
578 1467 675 1509 Post
711 1467 892 1508 reditum
939 1482 989 1507 ex
1035 1466 1178 1508 Africa
1214 1466 1264 1508 C.
1302 1465 1437 1516 Laelii,
1484 1466 1524 1507 8<
1558 1465 1755 1520 Scipione

415 1528 479 1582 (Ι)
526 1526 735 1568 stimulato
777 1526 993 1568 Mafinifl'ae
1035 1524 1409 1575 adhortationibus,
1462 1527 1503 1566 &
1538 1524 1758 1577 militibus,

414 1586 599 1642 praedam
625 1599 676 1627 ex
706 1585 888 1626 hostium
926 1586 1033 1627 terra
1067 1585 1329 1626 cernentibus
1352 1584 1437 1625 tota
1459 1585 1576 1630 clafle
1598 1584 1756 1636 efferri,

413 1646 592 1686 accensis
613 1645 664 1685 ad
696 1644 988 1701 trajiciendum
1021 1644 1148 1700 quam
1177 1644 1377 1699 primum,
1409 1643 1632 1686 intervenit
1664 1658 1754 1685 ma-

181 1736 329 1770 ‚cufim
362 1738 389 1770 tx·
409 1703 494 1762 jori
530 1703 666 1745 minor
687 1703 898 1759 cogitatio,
931 1705 1086 1746 Locros
1108 1703 1252 1745 urbem
1285 1702 1529 1758 recipiendi,
1562 1718 1655 1760 quae
1678 1703 1751 1744 sub

260 1750 270 1770 ¹
300 1749 314 1769 ⁶
328 1744 360 1783 Ῥ
390 1764 394 1768 ’
415 1763 696 1805 defectionem
712 1762 840 1804 Italiae
861 1762 1083 1804 desciverat
1100 1766 1139 1805 &
1164 1762 1253 1833 ipsa
1265 1764 1314 1802 ad
1330 1762 1498 1804 Poenos
1567 1767 1629 1819 (2)
1645 1763 1750 1818 Spes

413 1832 554 1865 autem
576 1820 818 1863 affectandae
835 1823 870 1879 ej
879 1837 925 1864 us
940 1823 999 1863 rei
1020 1836 1070 1863 ex
1091 1822 1261 1862 minima
1279 1835 1322 1862 re
1339 1822 1536 1874 ssaffulfit
1601 1823 1751 1863 Latro-

413 1882 533 1924 ciniis
569 1880 717 1948 magis,
747 1878 914 1935 quam†
930 1881 1041 1938 justo
1072 1881 1196 1932 bello,
1228 1880 1271 1922 in
1296 1880 1467 1922 Bruttiis
1499 1881 1749 1938 gerebantur

412 1955 507 1991 res3
537 1939 741 1996 principio
763 1936 813 1981 ab
846 1940 1042 1981 Numidis
1063 1940 1193 1990 ἱειᾶο,
1225 1941 1263 1980 &
1286 1939 1476 1991 Bruttiis,
1508 1955 1592 1982 non
1621 1941 1748 1982 socie-

411 2010 494 2043 tate
526 1999 657 2056 magis
691 1998 864 2051 Punica,
898 2002 959 2055 (3)
982 2014 1108 2054 quam
1131 1998 1305 2054 suopte
1296 1998 1482 2055 ingenio,
1514 2013 1749 2057 congruen-

1635 2059 1746 2107 tibus

411 2187 438 2209 c.
456 2178 513 2216 46.
532 2188 637 2220 eaque
655 2177 743 2211 inter
759 2176 993 2220 Albingaunos
1010 2176 1150 2219 Ligures
1168 2175 1200 2207 Sc
1219 2173 1371 2209 Genuam
1395 2176 1454 2209 fita
1482 2185 1566 2210 erat.
1615 2178 1672 2221 (2)
1695 2180 1743 2216 lta

411 2224 480 2256 Cic.
495 2224 518 2256 l.
539 2233 568 2256 2.
585 2225 620 2255 in
645 2226 743 2256 Verr.
767 2235 798 2256 c.
818 2233 876 2263 59·
901 2225 983 2266 Impe
985 2224 1071 2263 rasti,
1093 2231 1124 2254 ut
1148 2226 1229 2255 tidem
1239 2231 1297 2265 pro
1308 2230 1397 2265 parte
1425 2226 1455 2255 in
1471 2236 1609 2255 commune
1634 2226 1744 2257 Sicilie

408 2283 436 2300 co
440 2272 481 2311 fi
472 2277 577 2301 errem-t
590 2270 613 2301 l.
626 2279 657 2309 5.
672 2270 713 2301 ad
731 2271 807 2301 fam.
825 2272 890 2311 Ep.
906 2279 934 2301 2.
954 2278 1014 2312 atqt
1013 2284 1038 2300 ,ε
1054 2272 1139 2300 etiam
1153 2269 1283 2311 ιιτὶΐαβι
1282 2275 1343 2306 ··‚›et
1360 2276 1418 2311 pro
1438 2270 1499 2301 meti*
1509 2277 1609 2312 parte,
1629 2274 1678 2313 αφ’
1679 2273 1742 2305 uvi.

409 2315 460 2346 Sic
487 2316 519 2346 δι’.
538 2324 596 2358 pro
621 2315 690 2348 rata
710 2323 785 2357 part
773 2329 800 2346 e
827 2315 850 2348 Ι,
885 2326 914 2347 1.
931 2316 1033 2348 Ture.
1054 2311 1174 2359 chst.
1193 2325 1222 2347 c.
1245 2323 1299 2355 39.
1327 2314 1406 2345 Vid.
1434 2317 1524 2359 †pro
1543 2315 1684 2358 portione.
1702 2319 1738 2348 E.

406 2362 463 2402 (3)
480 2361 587 2404 Supra
604 2372 633 2393 c.
647 2370 678 2393 2.
699 2362 829 2403 Hispani
854 2363 967 2403 populi.
1016 2361 1066 2393 Sic
1081 2362 1164 2392 Hor.
1181 2360 1205 2393 l.
1226 2368 1254 2391 2
1267 2360 1331 2391 Od.
1353 2369 1382 2400 7.
1403 2370 1433 2392 V.
1461 2373 1495 2400 4.
1529 2360 1611 2392 Italo
1627 2363 1726 2396 calm}

407 2415 442 2439 2.
460 2409 525 2439 Sat.
547 2407 577 2439 6.
595 2418 628 2438 v.
647 2416 701 2446 55.
725 2407 809 2437 Itali
822 2409 934 2439 tellure.

454 2454 491 2484 C.
505 2453 536 2484 6.
558 2454 615 2494 (1)
642 2456 749 2494 Suprai
775 2463 802 2484 c.
833 2463 866 2491 4.
895 2453 1086 2490 Hortamur,
1121 2466 1155 2484 αι·
1168 2451 1337 2492 stimularet
1364 2451 1530 2495 Scipionem
1552 2464 1584 2481 ne
1609 2454 1737 2507 'affirma

406 2498 463 2539 (2)
476 2498 526 2530 Sic
543 2498 679 2540 supral.
699 2508 725 2529 1.
743 2509 773 2530 c.
791 2498 844 2536 46.
875 2499 976 2540 N'equc
992 2509 1023 2528 ea
1041 2511 1085 2529 res
1103 2498 1352 2540 Tarqzciniospem
1367 2501 1500 2540 ‹ffc‘Jam
1482 2500 1544 2526 ιιόι
1534 2511 1600 2539 regn
1592 2502 1614 2528 11'
1624 2503 1736 2532 minuit.

406 2544 523 2585 Neque
538 2544 708 2586 displicere
721 2543 820 2575 debet
838 2542 993 2586 repetitio
1011 2555 1049 2574 w
1062 2545 1216 2575 res.1ta
1234 2543 1321 2574 enim
1338 2543 1437 2585 supra
1453 2543 1476 2575 1.
1498 2552 1529 2576 2.
1547 2553 1573 2574 c.
1591 2544 1644 2578 18.
1655 2553 1735 2589 par.

404 2589 497 2630 ’'sliqu.
511 2603 545 2619 ex
564 2603 594 2620 re
610 2593 651 2621 ad
662 2592 982 2643 rebellionemspcc‘iare
999 2601 1042 2620 res
1056 2592 1120 2620 vid
1122 2590 1155 2620 ba
1148 2597 1221 2621 tur.
1269 2592 1304 2630 (3
1311 2590 1325 2629 )
1342 2588 1416 2620 Vid-
1433 2597 1505 2621 not.
1525 2599 1558 2628 4-
1576 2590 1619 2622 ad
1632 2602 1660 2622 c.
1676 2601 1732 2624 12.

406 2633 426 2663 1
448 2634 499 2667 23.
512 2635 620 2677 supri.
671 2632 875 2678 Οηςνιὲινείη
894 2636 973 2678 aliqu
975 2635 1153 2677 ῑιίῖιιριῖιὶ.
1175 2645 1202 2677 3.
1219 2645 1247 2666 c
1269 2644 1319 2672 24
1340 2633 1359 2666 1.
1387 2644 1439 2675 25.
1458 2646 1487 2668 c.
1508 2644 1564 2675 32.
1582 2635 1607 2668 1.
1623 2636 1677 2669 26.
1698 2648 1730 2669 c.

383 2684 385 2686 ’
1616 2690 1648 2715 2·
1675 2683 1733 2726 (4)
