1834 3099
313 161 350 203 L
367 161 434 203 113
455 159 493 205 E
513 162 555 205 R
607 162 768 207 XXIX.
814 162 851 205 C
875 163 912 206 A
931 163 979 206 P.
1031 163 1255 209 XXXVII.
1595 166 1680 219 267

121 277 308 330 vovit,'fi
343 293 393 320 eo
429 280 495 321 die
535 280 672 322 hostes
705 280 896 323 fudisset:
927 282 1177 338 composque
1212 284 1345 340 ejus†
1369 277 1454 325 vot'i

124 337 219 378 fuit.
283 338 375 380 Fufi
407 353 452 380 ac
477 338 609 396 fugati
631 340 777 380 Poeni:
807 340 926 395 supra
949 353 1126 395 quatuor
1160 342 1289 383 millia
1323 357 1455 384 arma-

123 405 262 438 torum
303 397 430 438 caesa:
477 399 616 454 paullo
651 398 790 438 minsis
819 401 991 440 trecenti
1013 401 1094 442 vivi
1122 402 1246 456 capti,
1280 402 1322 442 δε
1357 401 1456 456 equi

124 456 410 512 quadraginta,
443 460 485 500 <Sc
520 456 713 498 undecim
734 457 926 499 militaria
957 459 1080 516 ligna.
1142 460 1360 502 Perculsus
1381 461 1456 501 ad-

123 514 238 556 verso
272 515 422 571 proelio
463 515 672 556 Hannibal
723 515 952 558 Crotonem
993 518 1222 560 exercitum
1269 519 1452 560 abduxit.

122 571 282 616 Eodem
304 585 488 630 ternpore
510 575 572 615 M.
593 573 810 615 Cornelius
827 576 967 616 consul
989 577 1030 617 in
1051 578 1176 618 altera
1198 587 1311 632 parte
1326 578 1453 620 Italiae
1473 601 1620 634 Cornelius

123 644 207 672 non
230 644 313 674 tam
336 634 475 682 armis,
505 634 631 687 quam
648 633 902 689 judiciorum
921 645 1090 685 terrore,
1122 637 1332 679 Etruriam
1355 651 1452 678 con·-
1474 649 1646 679 chamm-

124 690 243 741 tinet,
277 702 405 733 totam
438 692 569 733 ferme
592 692 642 734 ad
677 692 924 748 Magonem,
957 709 1003 735 ac
1034 709 1106 748 per
1137 709 1232 735 eum
1256 697 1306 735 ad
1340 695 1451 750 spem
1470 694 1668 748 'fmiffff‘

123 750 303 792 novandi
344 765 424 801 res,
475 751 645 792 versam.
707 750 786 792 Eas
824 751 1068 806 quaestiones
1109 767 1159 794 ex
1193 747 1655 795 senatuscon-‘¹⁰⁶⁰''¹¹““'

123 807 229 851 sulto
267 813 330 866 (4)
366 810 540 851 minime*
581 809 794 851 ambitiose
837 811 993 852 habuit.
1047 812 1250 867 multique
1295 813 1454 855 nobiles

123 867 300 918 Etrusci,
332 869 403 924 qui
420 878 489 909 aut
507 869 576 924 ipsi
601 870 747 919 ierant,
778 880 848 910 aut
866 870 1060 911 miserant
1081 872 1132 912 ad
1156 872 1385 926 Magonem
1403 873 1454 914 de

122 928 373 982 populorum
417 927 585 969 suorum
623 927 873 979 defectione,
916 927 1052 984 primo
1086 930 1304 985 praesentes
1338 941 1455 973 erant

121 986 417 1036 condemnati3
450 987 604 1042 postea,
636 989 697 1042 (5)
720 987 968 1029 conscientia
991 988 1147 1030 sibimet
1175 989 1247 1044 ipsi
1270 990 1454 1032 exsilium

120 1045 472 1098 ssconsciscentes,
505 1060 636 1101 quum
668 1046 854 1089 absentes
886 1048 1068 1088 damnati
1100 1048 1241 1101 essent,
1272 1049 1456 1104 corpori-

120 1103 199 1146 bus
236 1104 469 1155 subtraffis,
512 1105 619 1146 bona
655 1108 836 1157 tantum,
884 1121 976 1162 quae
1016 1106 1216 1162 publicari
1248 1117 1455 1164 poterant3

122 1165 186 1219 (6)
203 1163 458 1218 pignoranda
479 1177 614 1219 poenae
628 1164 878 1219 praebebant.

181 1222 408 1264 XXXVII.
424 1223 539 1264 Dum
558 1224 646 1264 haec
669 1223 854 1266 consules
876 1224 1040 1267 diversis
1055 1225 1292 1282 regionibus
1309 1235 1452 1283 agunt,
1469 1258 1614 1291 Livtits·

121 1281 309 1323 censores
343 1283 506 1323 interim
531 1283 680 1323 Romae
703 1284 766 1324 M.
802 1283 944 1325 Livius
977 1288 1017 1326 δι
1041 1285 1088 1326 C.
1121 1286 1319 1327 Claudius
1340 1286 1452 1327 sena·
1473 1307 1657 1337 Clauffim.

121 1349 213 1380 tum
235 1341 523 1382 recitaverunt.
589 1345 651 1397 (1)
669 1342 865 1398 Princeps
883 1343 1032 1384 iterum
1063 1343 1196 1386 leetus
1226 1344 1552 1405 QFabi'ussum.

121 1399 350 1442 Maximus.
370 1401 497 1441 notati
533 1400 713 1455 septem:
744 1417 866 1443 nemo
901 1412 1054 1452 tamen,
1085 1404 1157 1457 qui
1187 1403 1281 1444 sella
1317 1405 1452 1446 curuli

121 1457 291 1500 sediffet.
356 1461 418 1514 (2)
435 1459 552 1501 Sarta
575 1459 685 1501 tedia
707 1461 854 1502 acriter
877 1463 915 1502 &
940 1476 1036 1502 cum
1067 1462 1225 1503 summit
1253 1462 1333 1504 fide
1355 1478 1454 1505 exe-

119 1527 284 1572 gerunt.
306 1517 415 1558 viam
431 1531 453 1558 e
480 1518 572 1559 foro
594 1519 745 1560 Boario
767 1521 816 1560 ad
839 1521 1032 1572 Veneris,
1066 1523 1107 1563 &
1130 1526 1141 1572 (
1146 1524 1191 1577 3)
1213 1520 1322 1563 circa
1339 1522 1454 1565 foros

121 1576 326 1630 publicos,
361 1579 401 1618 8<
439 1578 572 1618 aedem
607 1578 756 1619 Matris
779 1579 949 1635 Magnae
979 1579 1020 1619 in
1042 1579 1200 1633 Palatio
1221 1580 1454 1622 faciendam

121 1636 374 1679 locaverunt.
440 1635 769 1694 Veitigaletiam
793 1651 946 1679 novum
964 1651 1013 1680 ex
1031 1638 1171 1680 salaria
1198 1641 1360 1681 annona
1378 1640 1456 1681 sta-

1269 1707 1452 1741 tuerunt.

121 1831 276 1876 migeniae
290 1835 370 1873 aede,
393 1845 492 1877 quam
510 1835 643 1868 Servius
662 1836 732 1868 Rex
750 1835 783 1867 in
800 1835 968 1880 Capitolio
979 1835 1169 1869 construxit.
1215 1836 1302 1870 Plut.
1313 1837 1356 1870 de
1375 1840 1454 1871 For·

121 1889 194 1912 tun.
211 1883 307 1914 Rom.
352 1880 504 1926 Ὶῖξυιῐατο
521 1881 543 1913 δ’
573 1895 603 1913 κν
629 1882 759 1926 Σερξιθ
778 1882 920 1916 Tuzaa&
950 1889 1051 1923 Τυχηε
1068 1884 1135 1926 legor
1160 1896 1185 1913 εν
1207 1889 1402 1925 Καπιτωλιῳ,
1418 1899 1454 1917 τι

123 1940 176 1960 orm
196 1933 402 1970 ngmyzmaes
419 1935 594 1968 λεγυμενης.
640 1929 697 1970 (4)
712 1930 759 1959 lta
776 1935 812 1959 ut
830 1927 968 1959 neminis
985 1927 1123 1970 gratiam
1141 1936 1300 1970 captaret.
1345 1930 1453 1972 Supra

123 1982 154 2002 c.
174 1972 223 2003 16.
245 1974 386 2015 Scipioms
408 1976 438 2004 in
460 1986 488 2004 eo
504 1974 554 2015 (in
573 1972 724 2004 Pleminii
740 1973 877 2014 scelere)
892 1976 1021 2004 ambitio.
1071 1975 1127 2015 (5)
1150 1974 1217 2005 Alii
1236 1985 1325 2007 nunc
1351 1975 1453 2019 defig-

125 2025 259 2055 nantur‚
283 2029 427 2060 quorum
445 2018 570 2050 crimen
588 2018 749 2051 occultius
762 2026 843 2054 erat,
872 2018 974 2060 quam
1001 2027 1037 2051 ut
1054 2019 1151 2051 certis
1169 2019 1296 2052 indiciis
1308 2021 1452 2054 accusari

127 2066 159 2093 δὲ
188 2063 399 2095 condemnari
433 2063 570 2106 possent.
616 2065 672 2106 (ὁ)
696 2064 903 2106 Subjicienda
933 2075 1035 2106 poenae
1058 2065 1259 2108 praebebant,
1292 2074 1454 2111 tanquam

123 2109 260 2150 aliquod
280 2109 400 2152 pignus
418 2121 480 2152 pro
497 2110 705 2152 corporibus,
730 2121 804 2153 quae
823 2110 1065 2143 subtraxerant.

170 2174 213 2205 C.
234 2182 286 2212 37.
311 2173 369 2215 (1)
394 2173 471 2205 Vid.
491 2180 563 2205 not.
587 2172 617 2205 8.
641 2174 683 2205 ad
709 2185 739 2205 c.
764 2183 818 2206 11.
846 2173 869 2205 Ι.
900 2183 957 2214 27.
974 2173 1086 2216 supra.
1131 2175 1188 2217 (2)
1207 2176 1302 2219 Opera
1318 2177 1453 2220 publica,

122 2232 187 2261 quae
202 2221 342 2257 locamur,
366 2226 397 2250 ut
413 2222 525 2261 integra
557 2220 732 2264 arestentur,
743 2221 837 2261 sarta
853 2225 926 2253 teCYa
951 2228 1099 2253 vocantur.
1145 2224 1261 2253 Etenim
1280 2225 1394 2265 fitrcr're
1416 2225 1454 2268 ψ

122 2257 377 2308 {ntegrumfacem
423 2265 501 2296 fest.
547 2265 689 2307 ingunt
716 2265 817 2308 igitur
834 2265 982 2298 censores
1003 2266 1088 2298 sarra
1110 2269 1210 2306 tedia,
1232 2269 1312 2300 dum
1327 2277 1451 2313 cogunt

123 2312 350 2353 redemptores
382 2310 521 2342 aedificia
547 2311 693 2353 publica,
716 2322 787 2353 quae
811 2312 935 2347 tuenda
951 2313 1195 2352 conduxerunt,
1218 2313 1346 2357 integra
1369 2326 1451 2358 prae-

114 2357 215 2403 lstare.
261 2355 351 2388 Infra
364 2356 384 2387 l.
401 2366 455 2394 42.
471 2367 500 2388 c.
520 2367 552 2395 4.
570 2359 703 2400 censbrem
722 2382 731 2390 .
755 2382 762 2389 .
777 2378 787 2388 .
804 2361 850 2389 cui
863 2359 954 2397 fizrta
981 2363 1055 2391 teau
1070 2361 1184 2401 exigere
1202 2385 1209 2393 .
1229 2383 1236 2390 .
1252 2382 1260 2389 .
1271 2373 1347 2392 more
1361 2365 1451 2404 majo-

121 2416 187 2434 rum
209 2405 344 2434 traditum
368 2403 439 2446 fft.
483 2403 541 2443 (3)
556 2403 597 2435 Et
626 2403 714 2436 circa
742 2402 830 2435 viam
857 2403 958 2440 illam,
983 2404 1036 2435 vel
1060 2404 1204 2443 fortaffe,
1225 2405 1313 2438 circa
1338 2408 1450 2440 forum

121 2448 294 2487 Boarium,
317 2450 407 2480 foros
421 2447 586 2490 publicos.
633 2451 721 2481 Foro:
737 2448 874 2492 exponit
897 2449 966 2492 ipse
992 2449 1121 2489 Livius,
1143 2451 1241 2493 supra
1258 2451 1278 2482 l.
1300 2462 1330 2484 ι.
1348 2463 1377 2485 c.
1395 2463 1450 2497 35.

122 2493 159 2526 in
174 2494 274 2527 Circo
292 2495 380 2534 locos
398 2495 485 2527 unde
513 2495 742 2537 spectarentur
769 2494 853 2527 ludi.
900 2497 973 2526 Fori
982 2497 1097 2538 pubhci
1114 2497 1202 2528 infra
1223 2506 1450 2531 memorantur

122 2539 144 2572 l.
161 2551 181 2578 4
183 2550 218 2580 5.
234 2550 264 2572 c.
279 2550 310 2573 Ι.
328 2553 410 2582 quum
420 2547 477 2583 per
492 2544 596 2572 circum
620 2543 800 2573 reveheretur
823 2543 954 2583 adfores
965 2543 1100 2584 publicos.
1146 2545 1208 2575 Per
1225 2553 1322 2576 voces
1336 2552 1448 2576 autem

126 2587 494 2628 &circasorospublicos,
516 2587 672 2620 Dukerus
685 2586 838 2629 intelligit
856 2586 942 2618 viam
968 2587 1055 2619 circa
1085 2590 1172 2621 foros
1189 2589 1358 2632 publicos:
1385 2590 1449 2622 illi-

122 2641 187 2675 que
215 2632 523 2674 Drakenborchius,
544 2632 642 2670 tacite
670 2633 818 2679 quidem,
839 2632 990 2667 assentire
1021 2633 1166 2669 videtur.
1210 2639 1256 2668 At
1285 2635 1450 2688 interpre-

1365 2689 1450 2716 (2110
