1840 3094
284 393 382 475 T.
456 392 723 475 LIVII
798 394 1390 477 PATAVINI'

178 636 440 690 LIBER
480 634 1010 689 VIGESIMUS
1048 631 1478 692 TERTIUS³

263 1156 267 1159 .
1511 1115 1608 1146 uc.
1635 1113 1715 1154 536.

178 1200 210 1244 Ι.
246 1163 617 1255 HANNIBAL,
647 1205 736 1259 post
758 1202 1019 1246 Cannensem
1041 1215 1239 1258 pugnarn,
1262 1203 1324 1258 (ι)
1366 1200 1493 1243 castra
1509 1161 1671 1236 2121sz
1681 1161 1716 1237 izi

176 1270 294 1317 capta
316 1277 362 1304 ac
384 1264 556 1319 direpta,
586 1263 801 1304 confestim
832 1277 882 1303 ex
919 1260 1072 1316 Apulia
1093 1262 1134 1301 in
1156 1261 1373 1303 Samnium
1404 1275 1494 1301 mo·
1512 1252 1660 1318 Safmfm

174 1331 314 1361 verat:
355 1323 510 1363 accitus
547 1322 589 1362 in
623 1322 825 1377 Hirpinos
866 1336 888 1362 a
921 1320 1052 1361 Statio
1088 1323 1166 1375 (2),
1198 1320 1418 1374 pollicente
1454 1303 1618 1360 semem.
1682 1326 1686 1330 '

177 1378 398 1434 Compsam
420 1381 681 1422 traditurum.
738 1379 996 1434 Compsanus
1025 1390 1111 1419 erar
1136 1377 1313 1419 Trebius
1346 1377 1496 1419 nobilis

177 1437 286 1478 inter
307 1439 424 1481 suos:
455 1438 522 1479 sed
536 1438 748 1493 premebat
784 1452 880 1478 eum
917 1438 1177 1491 Mopfiorum
1200 1436 1347 1488 faffio,
1377 1434 1499 1478 fami-

177 1496 244 1536 liae
283 1511 356 1551 per
392 1498 563 1553 gratiam
606 1497 897 1537 Romanorum
938 1496 1130 1549 potentis.
1203 1494 1299 1535 Post
1341 1494 1497 1535 famam

178 1554 400 1597 Cannensis
426 1570 589 1612 pugnae,
620 1556 916 1611 vulgatumque
952 1553 1094 1594 Trebii
1137 1552 1392 1594 sermonibus
1426 1554 1498 1594 ad-

178 1623 349 1655 ventum
385 1613 647 1663 Hannibalis,
679 1627 808 1668 quum
841 1612 1044 1666 Mopsiani
1082 1612 1226 1652 urbem
1260 1616 1286 1662 ψ
1317 1611 1498 1654 excessis-

180 1673 296 1722 sent;
331 1673 411 1713 fine
433 1672 655 1713 certamine
690 1671 836 1712 tradita
872 1672 968 1711 urbs
1005 1673 1151 1721 Poeno,
1183 1669 1495 1725 praesidiumque

179 1741 396 1787 acceptum
427 1731 499 1773 est.
561 1731 623 1771 Ibi
646 1731 781 1785 praeda
803 1729 917 1770 omni
948 1738 1071 1784 atque
1093 1728 1399 1783 impedimentis
1435 1742 1500 1769 re-

181 1790 305 1840 lieris,
337 1791 520 1831 exercitu
554 1790 721 1845 partito,
754 1789 985 1844 Magonem
1021 1788 1199 1844 regionis
1236 1788 1326 1843 ejus
1364 1786 1501 1836 urbes,

180 1859 252 1890 aut
273 1849 510 1890 deficientes
544 1848 594 1888 ab
631 1847 836 1889 Romanis
871 1847 1070 1901 accipere,
1116 1855 1188 1886 aut
1223 1845 1499 1886 &afflantes

181 1922 328 1964 cogere
351 1908 401 1948 ad
419 1907 703 1947 defectionem
727 1908 788 1960 (3)
807 1904 936 1960 jubet.
970 1905 1052 1959 ipse
1085 1919 1158 1959 per
1193 1919 1336 1959 agrum
1374 1905 1499 1946 Cam-
1521 1906 1726 1939 TuminCan»

179 1981 334 2022 panum
357 1980 467 2006 mare
488 1965 667 2005 inferum
700 1965 819 2018 petit,
852 1973 1164 2019 opinignaturus
1185 1963 1423 2016 Neapolim,
1455 1973 1499 2003 ut
1512 1956 1641 1996 panim·

180 2025 326 2069 urbem
349 2024 596 2064 maritimam
624 2022 805 2063 haberet.
863 2023 952 2063 Ubi
991 2021 1093 2062 fines
1127 2021 1498 2075 Neapolitanorum

181 2082 361 2132 intravit,
393 2082 598 2122 Numidas
620 2082 768 2136 partim
791 2081 833 2120 in
856 2080 1022 2128 insidiis,
1058 2083 1119 2135 (δι
1145 2081 1350 2134 pleraeque
1391 2094 1500 2121 cava:

183 2142 275 2182 sunt
296 2141 386 2191 viae,
419 2140 604 2194 sinusque
625 2139 796 2194 occulti)
838 2153 1085 2193 quacunque
1107 2138 1199 2192 apte
1216 2148 1392 2192 poterat,
1422 2138 1500 2178 dis-

182 2200 316 2255 posuit
335 2215 344 2239 :
375 2198 492 2251 alios,
523 2213 607 2253 prae
628 2198 666 2238 se
689 2198 823 2239 aeram
845 2198 1025 2251 praedam
1043 2211 1092 2237 ex
1114 2197 1220 2252 agris
1237 2196 1501 2248 ostentantes,

241 2259 361 2299 ToM.
395 2258 470 2297 ΙΙΙ.
861 2256 911 2295 M
1261 2254 1498 2309 obequitare

230 2395 274 2427 C.
307 2406 338 2427 1.
381 2393 440 2435 (1)
465 2392 513 2425 H.
539 2403 566 2425 e.
592 2391 625 2424 δε
650 2392 720 2434 post
745 2390 858 2430 castra,
892 2391 946 2423 seu
977 2388 1156 2432 castraque-
1215 2390 1352 2423 Codices
1389 2399 1501 2422 autem

184 2441 335 2485 plerique
361 2440 522 2471 omittunt
550 2439 584 2470 τὸ
612 2439 712 2482 cassim,
737 2439 768 2468 δε
792 2438 863 2468 Haec
893 2437 1042 2468 inserunt
1065 2444 1142 2468 ante
1159 2437 1193 2467 τὲ
1211 2437 1383 2470 Hannibal.-
1412 2438 1502 2468 unde

184 2486 359 2529 plusquam
376 2483 560 2517 verisimilis
575 2484 619 2516 est
638 2482 802 2514 Gronovii
819 2482 1011 2524 conjectura
1025 2481 1158 2513 Livium
1171 2481 1302 2520 dedisse,
1312 2484 1398 2513 AEcis
1416 2483 1502 2512 Han-

183 2535 264 2564 nibal
272 2533 330 2575 past
348 2531 514 2571 Cannetfim
528 2537 652 2572 pugnam
666 2532 754 2571 captis
770 2541 802 2558 ac
818 2530 944 2569 direptis.
956 2528 1041 2558 AEcae
1053 2527 1212 2568 oppidum
1229 2527 1354 2569 Apuliae
1367 2526 1430 2559 suit
1447 2526 1503 2558 islss

184 2578 220 2609 in
238 2576 359 2609 vicinia
379 2592 386 2611 ς
410 2576 501 2616 quod
515 2576 615 2606 etiam
642 2573 759 2605 Fabius
776 2572 930 2615 recepifl'e
947 2581 1152 2604 memoratur
1167 2573 1256 2604 infra
1280 2573 1300 2604 l.
1326 2582 1379 2612 24.
1401 2583 1430 2604 c.
1450 2581 1504 2604 20.

185 2624 241 2665 (2)
268 2622 333 2654 Hic
362 2631 438 2652 mox
470 2621 592 2652 ‘Trebius
622 2627 784 2656 vocatur3
807 2619 840 2649 &
869 2617 924 2649 mc
953 2617 1047 2649 facile
1078 2618 1312 2650 crediderimus
1350 2617 1504 2659 scripfiffe

186 2668 319 2709 Livium
335 2681 353 2698 a
371 2668 464 2699 Statio
484 2665 597 2697 Trcbib.
645 2664 697 2697 Est
710 2664 799 2697 enim
816 2666 925 2696 Statius
944 2673 1132 2706 praenomen
1149 2663 1307 2696 Italicum.
1352 2664 1408 2705 (3)
1425 2664 1506 2704 Om-

1423 2718 1505 2740 mne
