1840 3094
419 211 642 254 LIBER
688 210 807 253 XXI.
853 211 1009 254 CAP.
1056 210 1240 254 XXXV.

171 327 254 370 vias
277 330 425 385 magna
449 330 566 370 mora
586 328 824 384 agebantur,
856 327 911 368 ita
933 337 1071 368 tutum
1093 327 1142 368 ab
1162 325 1360 376 hostibus,
1381 326 1483 380 qua-

170 401 335 442 cunque
354 389 605 439 incederent,
627 387 739 442 (quia
762 386 927 427 insuetis
950 387 1127 427 adeundi
1148 384 1317 440 propius
1345 395 1482 425 metus

165 450 270 500 erat)
293 461 439 502 agmen
459 446 707 500 praebebant.
745 445 869 486 Nono
891 445 956 485 die
971 445 1012 484 in
1029 446 1178 500 jugum
1204 445 1372 499 Alpium
1390 457 1482 498 per·

169 514 338 544 ventum
361 505 433 554 est,
465 519 537 558 per
554 505 661 544 invia
683 505 875 558 pleraque
896 506 934 544 &
958 517 1130 553 errores,
1163 517 1266 556 quos
1304 512 1375 541 aut
1405 503 1484 541 du·

169 562 351 602 centium
370 562 497 612 fraus,
527 573 614 613 aut,
647 563 716 602 ubi
739 561 839 602 fides
863 562 910 602 iis
932 576 1014 601 non
1029 562 1137 610 effet,
1155 571 1307 600 temere
1325 563 1386 614 (5)
1406 560 1484 600 ini-

168 630 221 660 tae
252 622 374 662 valles
408 636 430 661 a
461 620 789 677 conjefflzmtibus
822 621 912 669 iter,
944 619 1161 660 faciebant.
1224 619 1405 659 Biduum
1439 618 1483 658 in

163 679 268 733 jugo
285 679 425 719 stativa
445 679 583 720 habita
607 695 616 720 :
647 679 831 733 feffisque
858 679 993 719 labore
1033 693 1078 720 ac
1111 678 1334 732 pugnando
1366 676 1483 730 quies

167 738 261 777 data
284 737 480 778 militibus
504 753 513 778 ε
539 739 810 794 jumentaque
828 738 997 791 aliquot,
1030 751 1121 791 quae
1143 737 1327 790 prolapsa
1356 735 1396 774 in
1414 749 1483 775 ru-

165 795 286 850 pibus
308 806 438 848 erant,
459 795 664 850 sequendo
682 796 846 851 vestigia
863 795 1035 851 agminis
1049 796 1089 835 in
1104 794 1231 835 castra
1246 807 1482 849 pervenere.

167 853 288 894 Feffis
309 855 429 895 taedio
450 856 512 910 (6)
536 864 595 894 tot
617 856 819 894 malorum
838 855 940 894 nivis
962 854 1084 893 etiam
1107 853 1237 902 casus,
1268 852 1482 893 occidente

164 911 253 967 jam
274 913 397 952 fidere
431 915 494 968 (7)
528 913 823 968 Vergiliarum,
855 913 1066 967 ingentem
1099 923 1296 952 terrorem
1318 909 1480 966 adjecit.

165 970 243 1011 Per
258 971 397 1011 omnia
417 971 509 1011 nive
533 973 695 1026 oppleta
718 985 865 1025 quum,
898 971 1018 1026 lignis
1052 970 1182 1025 prima
1213 971 1305 1010 luce
1341 969 1483 1019 motis,

166 1027 341 1084 segniter
374 1043 521 1084 agmen
555 1030 779 1081 incederet,
811 1030 1057 1085 pigritiaque
1103 1031 1141 1069 8<
1178 1027 1403 1083 desperatio
1440 1027 1484 1066 in

163 1087 353 1127 omnium
374 1089 490 1128 vultu
506 1089 743 1141 †emineret
765 1104 777 1137 3
810 1089 1047 1143 praegressus
1079 1087 1187 1143 ligna
1209 1086 1418 1127 Hannibal
1440 1085 1483 1124 in

165 1146 449 1199 promontorio
470 1148 739 1202 (8)quodam‚
769 1148 878 1186 unde
901 1145 1021 1201 longe
1052 1160 1097 1187 ac
1133 1145 1211 1185 late
1243 1143 1483 1200 prospectus

164 1214 264 1249 erat,
308 1204 520 1245 consistere
546 1205 659 1260 jussis
686 1205 885 1245 militibus
922 1205 1083 1244 Italiam
1105 1204 1294 1254 ostentat,
1327 1204 1485 1259 subjec-

167 1262 311 1317 tosque
336 1263 498 1318 Alpinis
520 1262 729 1304 montibus
762 1263 1117 1317 Circumpadanos
1139 1277 1304 1317 campos
1323 1280 1336 1302 :
1370 1277 1486 1302 moen-

164 1322 274 1375 iaque
294 1337 348 1361 eos
365 1331 446 1362 tum
467 1322 724 1371 transcendere
739 1337 809 1362 non
842 1322 962 1362 Italiae
991 1320 1109 1370 modb,
1129 1321 1205 1379 sed
1230 1323 1342 1361 etiam
1378 1320 1485 1361 urbis

166 1379 356 1420 Romame.
393 1389 514 1421 cetera
527 1381 667 1434 plana,
683 1381 873 1434 proclivia
877 1381 970 1437 fore
987 1399 999 1420 .-
1024 1396 1108 1429 uno,
1124 1389 1192 1419 aut
1202 1380 1399 1436 summum
1422 1382 1485 1435 (9)

164 1438 285 1478 altero
301 1439 434 1492 proelio
451 1454 574 1478 arcem
593 1447 628 1478 et
649 1449 762 1492 caput
783 1439 905 1478 Italiae
924 1440 964 1478 in
981 1454 1095 1479 manu
1115 1455 1160 1477 ac
1183 1438 1357 1493 potqstate
1375 1437 1486 1477 habi-

163 1504 281 1536 turos.
344 1497 570 1537 Procedere
592 1497 686 1537 inde
709 1511 857 1552 agmen
873 1497 1026 1551 coepit3
1055 1497 1141 1552 jam
1165 1496 1267 1536 nihil
1289 1510 1338 1536 ne
1360 1494 1488 1536 hosti-

160 1553 238 1595 bus
254 1554 437 1610 quidem‚
458 1566 605 1609 praeter
624 1570 748 1610 parva
768 1554 878 1595 furta
899 1569 971 1610 per
988 1555 1259 1606 occasionem,
1291 1554 1487 1595 tentanti-

160 1611 251 1654 bus.
315 1612 512 1654 C'eterum
535 1613 612 1654 iter
629 1615 778 1664 multo,
810 1613 936 1668 quam
968 1613 1010 1653 in
1042 1613 1206 1654 ascensu
1240 1614 1389 1663 fuerat,
1421 1614 1485 1666 (ut

161 1672 356 1727 pleraque
376 1672 548 1726 Alpium
571 1672 620 1713 ab
641 1673 758 1713 Italia
773 1672 872 1713 sicut
891 1671 1092 1721 breviora,
1115 1672 1170 1712 ita
1193 1675 1284 1728 (10)
1316 1671 1486 1712 arreCli-

161 1742 232 1770 ora
253 1730 363 1787 sunt)
386 1730 591 1771 difficilius
613 1731 706 1771 fuit.
739 1731 874 1771 omnis
896 1731 1006 1771 enim
1029 1730 1159 1771 ferme
1191 1731 1255 1771 via
1287 1744 1484 1786 praeceps,

160 1789 344 1844 angusta,
376 1788 532 1830 lubrica
550 1800 662 1831 erat:
694 1799 740 1830 ut
762 1792 854 1847 (11)
877 1803 1011 1844 neque
1033 1788 1226 1830 sustinere
1244 1789 1282 1830 se
1314 1805 1336 1830 a
1370 1788 1484 1844 lapsu

1300 1848 1483 1903 possent3

158 1993 249 2015 mum
261 1993 377 2025 agmen
394 1981 486 2017 fuisse
499 1983 670 2018 dicuntur.
700 1983 889 2017 Crevierius
902 1984 1077 2027 legendum
1090 1983 1225 2026 conjicit
1228 1984 1305 2029 ſscut
1315 1992 1370 2028 per
1384 1987 1483 2015 arHat

163 2031 202 2062 ω’
213 2032 388 2072 praecipites,
409 2031 462 2061 vel
472 2033 695 2074 praecipitisque
709 2034 786 2062 vias.
835 2031 881 2073 [si
911 2032 1080 2073 vulgatum
1108 2030 1218 2061 sanum
1245 2030 1293 2068 fit,
1314 2041 1400 2061 anne
1424 2039 1485 2072 per

161 2073 265 2106 ‘verba
295 2076 467 2118 praecr‘pites
495 2078 656 2119 agebantur
680 2077 744 2108 hoc
776 2078 878 2108 modo
906 2076 1021 2107 Livius
1037 2075 1164 2113 -voluit,
1189 2076 1384 2117 elephantos
1417 2085 1485 2106 non

161 2119 279 2161 sponte
296 2120 464 2162 progredi,
486 2122 540 2153 sed
561 2122 686 2153 summz‘i
702 2123 872 2153 rectorum
889 2123 918 2153 vi
948 2122 1147 2153 reluctantes
1171 2122 1325 2163 prorsum
1349 2120 1423 2164 agi?
1448 2128 1484 2152 ut

156 2171 282 2215 praeceps
299 2167 405 2208 agitur
419 2166 457 2204 is,
488 2166 559 2208 qui,
584 2167 676 2205 velit,
699 2167 796 2205 nolit,
833 2167 1047 2209 propellitur.
1112 2168 1234 2198 Parum
1260 2174 1370 2198 tamen
1402 2164 1487 2197 mihi

158 2209 218 2251 npfi
235 2209 291 2241 ista
308 2210 541 2253 interpretatio
557 2212 724 2245 satisfacit.
744 2213 798 2256 E.]
843 2214 902 2253 (5)
925 2213 1000 2244 Sine
1017 2220 1110 2244 certo
1134 2211 1280 2249 consilio,
1304 2219 1404 2253 prout
1426 2210 1488 2242 mi·

161 2255 239 2296 lites
268 2256 494 2298 conjectarent
517 2257 592 2290 iter.
640 2257 697 2299 (6)
719 2260 794 2289 Vox
811 2261 889 2289 raedio
906 2258 960 2289 vel
977 2258 1052 2289 casu
1071 2258 1161 2289 sexto
1176 2257 1380 2299 accipienda,
1395 2257 1433 2290 δε,
1444 2256 1487 2288 ad

146 2301 230 2343 feffis
244 2302 435 2340 referenda;
458 2302 511 2334 vel
528 2302 639 2343 potius
655 2303 729 2335 casu
743 2304 854 2341 tertio,
871 2311 908 2335 ut
933 2303 970 2334 fit
982 2312 1118 2334 terrorem
1133 2305 1234 2346 adjecit
1245 2304 1330 2333 taedio
1344 2310 1384 2333 tot
1399 2304 1474 2333 malo

158 2359 231 2376 rum.
278 2346 334 2387 (7)
353 2348 432 2390 Qae
446 2347 478 2378 δε
498 2347 641 2379 Pleiades
657 2347 831 2380 dicuntur.
855 2351 936 2380 Sunt
949 2356 1058 2380 autern
1070 2348 1166 2379 stellae
1179 2348 1231 2379 sex
1239 2348 1336 2389 (olim
1347 2347 1489 2390 septem)

161 2389 196 2422 in
221 2391 309 2423 collo
325 2391 430 2423 Tauri
447 2404 457 2430 ς
480 2403 623 2434 quarum
637 2392 727 2435 figno
743 2394 914 2426 exoriente
925 2393 1020 2431 aestas,
1042 2393 1213 2425 occidente
1245 2394 1360 2437 hyems
1383 2393 1489 2425 osten-

158 2435 262 2468 ditur.
300 2436 357 2477 (8)
371 2439 598 2471 promontorium
612 2437 665 2469 hic
679 2439 722 2470 est
732 2450 888 2471 cacumen
900 2438 1023 2470 montis
1036 2438 1133 2480 supet
1148 2438 1294 2479 reliquos
1305 2438 1489 2477 eminentis,

157 2480 235 2513 licet
251 2482 493 2515 mediterranei.
537 2484 595 2524 (9)
619 2484 653 2516 h.
672 2495 701 2516 e.
716 2486 757 2515 ad
771 2485 943 2516 summum.
970 2483 1020 2516 Sic
1038 2485 1122 2516 infra
1140 2483 1163 2514 l.
1178 2493 1234 2523 33.
1253 2495 1283 2517 c.
1298 2494 1327 2524 5.
1357 2486 1423 2516 Duo
1437 2491 1487 2516 aue

148 2526 293 2568 summum
307 2531 507 2570 tresjuvenes.
534 2530 566 2560 &
584 2529 663 2561 alibi
677 2530 769 2571 saep'e.
814 2531 895 2572 (ιο)
908 2529 1016 2572 Magis
1030 2529 1222 2572 praecipitia.
1270 2529 1321 2562 Sic
1338 2541 1407 2572 cap.
1423 2530 1487 2572 seq.

158 2574 360 2614 refflt'ssaxt's.
387 2574 419 2604 δε
436 2574 523 2606 infra
539 2575 563 2606 l.
592 2575 647 2615 38.
675 2586 704 2607 c.
723 2585 774 2606 20.
789 2581 882 2606 restas
892 2577 982 2618 prop?
996 2583 1088 2617 rupes.
1136 2577 1168 2617 (1
1183 2576 1217 2618 1)
1241 2576 1357 2617 Neque
1380 2576 1487 2607 conti-

160 2628 240 2649 nere
264 2618 296 2649 se
311 2618 435 2661 alapsu
452 2619 591 2661 poffent,
614 2620 669 2652 seu
686 2621 805 2662 alapsu
823 2620 880 2651 fibi
897 2628 1035 2658 cavere;
1058 2631 1118 2653 nec
1147 2622 1202 2662 qui
1226 2621 1278 2654 vel
1302 2622 1485 2664 paullulum

161 2662 366 2704 titubassent,
387 2675 492 2707 quum
508 2665 605 2699 semel
623 2666 717 2699 humi
739 2665 856 2700 afflieki
872 2666 985 2705 estem,
1007 2667 1123 2700 eodem
1135 2667 1210 2700 loco
1226 2668 1406 2704 consistere,
1418 2678 1486 2708 quo

1354 2712 1486 2756 vestigia

1645 223 1698 263 4¹
