1834 3099
338 217 371 258 Ι.
394 218 412 259 1
435 219 467 259 B
493 219 524 260 E
549 220 586 260 R
649 218 837 269 xxvii.
894 219 930 262 c
954 222 992 262 A
1015 221 1065 265 P.
1124 222 1196 266 LI.
1570 244 1650 285 147

77 330 281 382 occisum,
316 335 496 390 legiones
528 338 739 382 Romanas
777 337 1021 388 incolumes,
1071 340 1199 382 salvos
1228 341 1415 384 consules

82 388 176 439 effe,
209 395 417 448 extemplo
454 396 542 436 aliis
577 411 699 450 porro
730 396 1021 450 impertiebant
1049 400 1248 454 gaudium
1278 399 1412 444 suum.

83 448 226 501 Quum
268 467 374 506 aegre
413 455 452 493 in
482 455 639 495 curiam
673 464 916 508 perventum
951 456 1062 508 effet,
1096 458 1227 499 multo
1259 457 1409 514 aegrius

80 504 283 549 summota
306 511 438 562 turba,
471 528 521 553 ne
553 513 744 553 Patribus
766 513 1019 563 misceretur,
1051 515 1178 557 literae
1202 517 1242 556 in
1266 517 1408 558 senatu

77 566 258 608 recitatae
281 569 386 610 sunt.
411 571 504 611 inde
542 571 734 626 produiti
752 575 814 626 (2)
850 571 891 611 in
930 574 1173 614 concionem
1197 575 1331 630 legati.
1354 576 1405 617 L.

76 626 292 677 Veturius,
325 629 451 670 literis
474 631 669 680 recitatis,
703 630 785 684 ipse
808 628 970 684 planius
993 633 1149 683 omnia,
1181 648 1274 687 qum
1311 634 1404 675 aeta

75 695 206 734 erant,
238 688 427 741 exposuit
458 703 554 728 cum
584 689 740 744 ingenti
769 695 783 739 Η
821 688 990 738 assensn,
1039 691 1245 744 postremo
1279 692 1402 732 etiam

73 743 252 785 clamore
275 746 470 787 universze
505 747 729 796 concionis,
763 762 892 802 quum
928 747 993 786 vix
1027 749 1224 803 gaudium
1257 750 1404 792 animis

73 815 279 856 caperent.
340 805 578 848 Discursum
603 806 696 846 inde
735 806 783 845 ab
807 806 893 846 aliis
927 806 1033 847 circa
1062 809 1215 862 templa
1242 805 1402 859 Deum,

71 870 116 898 ut
141 866 155 912 Η
183 873 316 917 grates
331 875 524 918 agerent;
559 864 608 905 ab
642 865 729 905 aliis
752 866 913 913 domos,
947 876 992 904 ut
1025 866 1274 921 conjugibus
1301 867 1403 908 libe-

67 918 202 974 risque
224 931 306 961 tam
339 923 479 963 laetum
503 924 703 963 nuncium
728 923 997 977 impertirent.
1059 924 1251 973 Senatus,
1284 925 1399 980 quod

67 977 132 1018 M.
170 979 311 1021 Livius
337 983 375 1021 8<
411 981 461 1022 C.
495 982 696 1024 Claudius
733 983 934 1027 consules,
968 982 1166 1023 incolumi
1198 985 1399 1037 exercitu,

66 1036 215 1077 ducem
258 1039 437 1079 hostium
475 1041 736 1096 legionesque
769 1041 1020 1088 occidissent,
1055 1041 1398 1097 supplicationem

67 1093 107 1134 in
144 1097 328 1138 triduum
362 1100 554 1139 decrevit.
597 1115 688 1140 eam
732 1099 1071 1153 supplicationem
1109 1101 1158 1141 C.
1193 1101 1395 1143 Hostilius

66 1166 218 1208 praetor
241 1172 314 1212 pro
335 1158 534 1199 concione
556 1159 697 1208 edixit,
731 1159 1015 1212 celebrataque
1038 1173 1059 1198 a
1081 1159 1178 1199 viris
1212 1159 1396 1200 feminis-

66 1228 147 1266 que
160 1216 230 1256 est.
294 1216 448 1257 Omnia
471 1218 622 1272 templa
645 1231 718 1272 per
734 1227 866 1257 toturn
888 1217 1070 1257 triduum
1089 1219 1288 1271 aequalem
1309 1228 1394 1259 tur-

65 1271 159 1314 bam
181 1274 362 1315 habuere
388 1290 396 1315 :
432 1290 561 1330 quum
588 1286 786 1316 matronae
825 1275 1064 1330 amplissima
1087 1277 1193 1317 veste
1217 1291 1312 1317 cum
1348 1278 1396 1317 li-

63 1329 188 1385 beris,
220 1334 388 1388 perinde
412 1349 456 1375 ac
478 1335 502 1374 si
521 1334 768 1375 debellatum
801 1334 921 1384 foret,
954 1334 1068 1374 omni
1091 1334 1231 1375 solutae
1264 1346 1396 1383 metu.

62 1389 166 1433 Deis
189 1393 490 1433 immortalibus
510 1405 644 1448 grates
677 1404 857 1447 agerent.
922 1393 1085 1432 Statum
1109 1408 1275 1448 quoque
1297 1395 1397 1434 civi-

63 1451 156 1492 tatis
179 1465 225 1492 ea
247 1450 418 1492 νίἑῖοτία
442 1452 597 1494 movit:
632 1462 677 1492 ut
709 1453 795 1507 jam
828 1452 938 1499 inde,
970 1451 1081 1491 haud
1120 1452 1234 1492 secus
1266 1451 1394 1506 quam

64 1507 105 1547 in
128 1524 245 1565 pace,
278 1525 341 1550 res
360 1510 466 1550 inter
488 1511 525 1550 se
542 1510 801 1559 contrahere,
823 1511 1055 1560 vendendo,
1085 1510 1278 1561 emendo,
1301 1526 1394 1552 mu·
1414 1535 1510 1579 Caput
1529 1537 1614 1578 Has--

60 1577 180 1609 tuum
201 1570 353 1619 dando,
384 1579 600 1624 argentum
625 1569 827 1609 creditum
851 1569 1058 1618 solvendo,
1092 1570 1290 1610 auderent
1313 1573 1388 1624 (3).
1409 1584 1613 1624 drubalispro-

60 1627 112 1669 C.
136 1627 333 1669 Claudius
348 1629 487 1669 consul
511 1642 640 1682 quum
657 1629 697 1668 in
713 1628 839 1668 castra
858 1627 1032 1676 redisset,
1064 1640 1188 1682 caput
1205 1628 1507 1669 Hasdru,j252um
1520 1639 1586 1659 Μ’

63 1684 181 1736 balis,
229 1689 337 1742 quod
372 1686 575 1727 servatum
608 1701 704 1727 cum
739 1687 836 1726 cura
869 1687 1075 1734 attulerat,
1117 1686 1262 1742 projici
1296 1698 1389 1729 ante
1407 1674 1607 1750 {ssffsH“'¹‘

60 1743 239 1786 hostium
283 1745 490 1795 stationes,
522 1745 784 1801 captivosque
819 1744 945 1786 Afros
979 1744 1159 1795 vinstos,
1193 1755 1238 1785 ut
1257 1757 1389 1797 erant,
1489 1742 1525 1751 ”

60 1803 234 1857 ostendi,
266 1806 368 1847 duos
389 1804 513 1844 etiam
535 1819 584 1845 ex
609 1805 658 1844 iis
680 1804 833 1845 solutos
865 1803 922 1843 ire
945 1804 996 1844 ad
1016 1803 1311 1854 Hannibalem,
1345 1808 1388 1847 &-

59 1876 315 1918 expromere,
367 1878 459 1919 quae
496 1863 585 1904 afta
625 1864 764 1911 essent,
811 1862 936 1918 jussit.
998 1861 1224 1913 Hannibal,
1271 1871 1387 1904 tanto

59 1921 174 1961 simul
209 1922 374 1976 publico
402 1922 675 1976 familiarique
698 1922 806 1965 icius
843 1920 976 1967 Iustu,
1009 1920 1386 1976 agnosterefifirtu-

60 1995 147 2019 nam
180 1980 451 2035 Karthaginis,
483 1980 614 2020 fertur
648 1979 814 2020 dixiffe:
864 1978 1082 2032 castrisque
1115 1978 1208 2018 inde
1246 1980 1384 2031 motis,

57 2051 103 2079 ut
124 2039 264 2079 omnia
287 2039 455 2089 auxilia,
487 2053 578 2092 quse
601 2038 746 2079 diffusa
768 2037 890 2078 latius
911 2037 1016 2076 tueri
1033 2050 1113 2076 non
1132 2048 1308 2091 poterat,
1340 2039 1381 2078 in
1403 2043 1560 2076 Hannibal
1573 2047 1602 2076 in

53 2107 286 2138 extremum
308 2097 435 2138 Italiae
453 2098 649 2153 angulum
674 2096 856 2136 Bruttios
872 2094 1146 2143 contraheret,
1178 2096 1555 2164 ·&‚lV1eta-‘”I³‘¹'r5'⁷³“⁷⁷¹

53 2156 263 2209 pontinos‚
295 2155 502 2197 civitatem
539 2155 784 2203 universam,
830 2153 988 2194 excitos
1021 2153 1181 2195 sedibus
1213 2154 1309 2206 suis,
1341 2137 1523 2211 &dIngmm
1538 2150 1611 2169 ηιμ

52 2214 320 2256 Lucanorum
360 2214 431 2268 qui
451 2213 532 2254 suae
561 2213 726 2254 ditionis
747 2223 877 2262 erant,
909 2212 950 2252 in
985 2212 1195 2252 Bruttium
1236 2227 1381 2269 agrum

43 2274 252 2314 ·traduxit.
654 2272 691 2314 L
715 2285 738 2314 2

53 2393 108 2430 (2)
132 2391 282 2424 Verbum
299 2391 334 2423 in
350 2391 411 2424 hssc
429 2402 463 2422 re
481 2390 667 2434 proprium.
690 2391 939 2422 Introducelaneur
954 2388 990 2421 in
1007 2389 1154 2421 senatum
1169 2400 1188 2421 a
1211 2388 1377 2432 magistra-

54 2437 143 2469 tibm
174 2438 283 2480 legati,
302 2438 529 2480 producebantur
553 2438 594 2469 ad
623 2437 796 2478 populum,
819 2436 883 2467 slve
911 2434 946 2466 in
963 2436 1167 2467 concionem.
1214 2439 1272 2477 (3)
1300 2437 1376 2469 Hoc

54 2483 170 2515 eodem
188 2494 276 2514 anno
288 2494 441 2515 nummus
459 2493 574 2515 aureus
592 2483 738 2525 primum
762 2484 875 2513 Rornae
890 2481 1056 2524 percussus
1072 2480 1126 2518 est,
1150 2488 1185 2512 ut
1208 2481 1376 2523 colligitur

53 2538 93 2561 ex
110 2528 194 2561 Plin.
218 2530 235 2560 l.
250 2539 339 2569 33·0-
358 2539 387 2569 3·
1107 2587 1371 2631 EPITOWIE
