<?xml version="1.0" encoding="UTF-8"?>
<!DOCTYPE html PUBLIC "-//W3C//DTD XHTML 1.0 Transitional//EN"
    "http://www.w3.org/TR/xhtml1/DTD/xhtml1-transitional.dtd">
<html xmlns="http://www.w3.org/1999/xhtml" xml:lang="en" lang="en">
 <head>
  <title>
</title>
<meta http-equiv="Content-Type" content="text/html;charset=utf-8" />
  <meta name='ocr-system' content='tesseract 3.04.00' />
  <meta name='ocr-capabilities' content='ocr_page ocr_carea ocr_par ocr_line ocrx_word'/>
</head>
<body>
  <div class='ocr_page' id='page_1' title='image "./historiaeromanae02livyuoft_0492.png"; bbox 0 0 1834 3099; ppageno 0'>
   <div class='ocr_carea' id='block_1_1' title="bbox 132 149 1170 204">
    <p class='ocr_par' dir='ltr' id='par_1_1' title="bbox 132 149 1170 204">
     <span class='ocr_line' id='line_1_1' title="bbox 132 149 1170 204; baseline -0.001 -13"><span class='ocrx_word' id='word_1_1' title='bbox 132 162 188 204; x_wconf 75' lang='lat'><strong>94</strong></span> <span class='ocrx_word' id='word_1_2' title='bbox 871 149 1170 192; x_wconf 67' lang='lat' dir='ltr'>T.1,1x·11</span> 
     </span>
    </p>
   </div>
   <div class='ocr_carea' id='block_1_2' title="bbox 138 264 1711 2096">
    <p class='ocr_par' dir='ltr' id='par_1_2' title="bbox 364 264 1711 913">
     <span class='ocr_line' id='line_1_2' title="bbox 365 264 1707 322; baseline -0.002 -14"><span class='ocrx_word' id='word_1_3' title='bbox 365 267 398 309; x_wconf 82' lang='lat' dir='ltr'><strong>is</strong></span> <span class='ocrx_word' id='word_1_4' title='bbox 420 267 473 308; x_wconf 82' lang='lat' dir='ltr'><strong>T.</strong></span> <span class='ocrx_word' id='word_1_5' title='bbox 498 268 687 309; x_wconf 65' lang='lat' dir='ltr'><strong>hlanlius</strong></span> <span class='ocrx_word' id='word_1_6' title='bbox 699 267 940 322; x_wconf 78' lang='lat' dir='ltr'>Torquatus</span> <span class='ocrx_word' id='word_1_7' title='bbox 963 278 1062 309; x_wconf 84' lang='lat' dir='ltr'><strong>erat.</strong></span> <span class='ocrx_word' id='word_1_8' title='bbox 1125 267 1416 322; x_wconf 80' lang='lat' dir='ltr'><strong>Sempronius,</strong></span> <span class='ocrx_word' id='word_1_9' title='bbox 1443 268 1504 307; x_wconf 86' lang='lat' dir='ltr'><strong>cui</strong></span> <span class='ocrx_word' id='word_1_10' title='bbox 1526 266 1603 308; x_wconf 78' lang='lat' dir='ltr'><strong>Dii</strong></span> <span class='ocrx_word' id='word_1_11' title='bbox 1619 264 1707 321; x_wconf 73' lang='lat' dir='ltr'><strong>sbr-</strong></span> 
     </span>
     <span class='ocr_line' id='line_1_3' title="bbox 364 324 1709 385; baseline -0.002 -17"><span class='ocrx_word' id='word_1_12' title='bbox 364 336 438 368; x_wconf 81' lang='lat' dir='ltr'><strong>tem</strong></span> <span class='ocrx_word' id='word_1_13' title='bbox 460 327 610 382; x_wconf 74' lang='lat' dir='ltr'><strong>legendi</strong></span> <span class='ocrx_word' id='word_1_14' title='bbox 638 327 827 385; x_wconf 71' lang='lat' dir='ltr'><strong>dedffnt,</strong></span> <span class='ocrx_word' id='word_1_15' title='bbox 859 329 892 367; x_wconf 85' lang='lat' dir='ltr'><strong>ei</strong></span> <span class='ocrx_word' id='word_1_16' title='bbox 900 330 974 382; x_wconf 81' lang='lat' dir='ltr'><strong>jus</strong></span> <span class='ocrx_word' id='word_1_17' title='bbox 991 329 1151 368; x_wconf 78' lang='lat' dir='ltr'><strong>liberum</strong></span> <span class='ocrx_word' id='word_1_18' title='bbox 1172 327 1302 380; x_wconf 55' lang='lat' dir='ltr'><strong>effidem</strong></span> <span class='ocrx_word' id='word_1_19' title='bbox 1334 326 1462 383; x_wconf 69' lang='lat' dir='ltr'><strong>dedg‘ffl’</strong></span> <span class='ocrx_word' id='word_1_20' title='bbox 1483 325 1599 366; x_wconf 89' lang='lat' dir='ltr'><em>Deos.</em></span> <span class='ocrx_word' id='word_1_21' title='bbox 1663 324 1709 365; x_wconf 88' lang='lat' dir='ltr'><strong>Se</strong></span> 
     </span>
     <span class='ocr_line' id='line_1_4' title="bbox 364 381 1711 443; baseline -0.001 -17"><span class='ocrx_word' id='word_1_22' title='bbox 364 386 409 426; x_wconf 84' lang='lat' dir='ltr'><strong>id</strong></span> <span class='ocrx_word' id='word_1_23' title='bbox 433 387 495 439; x_wconf 66' lang='lat' dir='ltr'><strong>fin</strong></span> <span class='ocrx_word' id='word_1_24' title='bbox 535 387 697 427; x_wconf 72' lang='lat' dir='ltr'><strong>arbitrio</strong></span> <span class='ocrx_word' id='word_1_25' title='bbox 722 386 932 443; x_wconf 72' lang='lat' dir='ltr'><strong>faflurum</strong></span> <span class='ocrx_word' id='word_1_26' title='bbox 949 405 961 427; x_wconf 91' lang='lat'><em>:</em></span> <span class='ocrx_word' id='word_1_27' title='bbox 997 381 1253 441; x_wconf 62' lang='lat' dir='ltr'><strong>IeHurumq&#39;ue</strong></span> <span class='ocrx_word' id='word_1_28' title='bbox 1278 385 1336 441; x_wconf 49' lang='grc' dir='ltr'><strong>ἐξ..</strong></span> <span class='ocrx_word' id='word_1_29' title='bbox 1365 385 1528 425; x_wconf 80' lang='lat' dir='ltr'><strong>Fabium</strong></span> <span class='ocrx_word' id='word_1_30' title='bbox 1564 383 1711 425; x_wconf 82' lang='lat' dir='ltr'><strong>Maxi-</strong></span> 
     </span>
     <span class='ocr_line' id='line_1_5' title="bbox 367 442 1709 501; baseline -0.002 -16"><span class='ocrx_word' id='word_1_31' title='bbox 367 460 486 495; x_wconf 85' lang='lat' dir='ltr'><strong>mum,</strong></span> <span class='ocrx_word' id='word_1_32' title='bbox 518 462 628 500; x_wconf 81' lang='lat' dir='ltr'><strong>quem</strong></span> <span class='ocrx_word' id='word_1_33' title='bbox 663 453 744 485; x_wconf 81' lang='lat' dir='ltr'><strong>tum</strong></span> <span class='ocrx_word' id='word_1_34' title='bbox 773 446 984 500; x_wconf 74' lang='lat' dir='ltr'><em>principem</em></span> <span class='ocrx_word' id='word_1_35' title='bbox 1007 446 1187 486; x_wconf 73' lang='lat' dir='ltr'><strong>Romame</strong></span> <span class='ocrx_word' id='word_1_36' title='bbox 1209 446 1378 485; x_wconf 74' lang='lat' dir='ltr'><em>civitatis</em></span> <span class='ocrx_word' id='word_1_37' title='bbox 1399 444 1475 501; x_wconf 77' lang='lat' dir='ltr'><strong>ff,</strong></span> <span class='ocrx_word' id='word_1_38' title='bbox 1507 443 1572 484; x_wconf 85' lang='lat' dir='ltr'><strong>vel</strong></span> <span class='ocrx_word' id='word_1_39' title='bbox 1591 442 1709 484; x_wconf 84' lang='lat' dir='ltr'><strong>Han-</strong></span> 
     </span>
     <span class='ocr_line' id='line_1_6' title="bbox 365 503 1709 561; baseline -0.001 -17"><span class='ocrx_word' id='word_1_40' title='bbox 365 504 650 558; x_wconf 53' lang='lat' dir='ltr'><strong>nibalejua&#39;ice,</strong></span> <span class='ocrx_word' id='word_1_41' title='bbox 685 507 746 559; x_wconf 80' lang='lat'><strong>(9)</strong></span> <span class='ocrx_word' id='word_1_42' title='bbox 779 506 956 545; x_wconf 62' lang='lat' dir='ltr'><strong>vifi‘urus</strong></span> <span class='ocrx_word' id='word_1_43' title='bbox 977 505 1066 561; x_wconf 74' lang='lat' dir='ltr'><strong>fft.</strong></span> <span class='ocrx_word' id='word_1_44' title='bbox 1134 505 1280 561; x_wconf 81' lang='lat' dir='ltr'><strong>Qum</strong></span> <span class='ocrx_word' id='word_1_45' title='bbox 1303 503 1374 543; x_wconf 87' lang='lat' dir='ltr'><strong>diu</strong></span> <span class='ocrx_word' id='word_1_46' title='bbox 1396 512 1598 544; x_wconf 89' lang='lat' dir='ltr'><strong>certaturn</strong></span> <span class='ocrx_word' id='word_1_47' title='bbox 1619 515 1709 542; x_wconf 82' lang='lat' dir='ltr'><strong>ver-</strong></span> 
     </span>
     <span class='ocr_line' id='line_1_7' title="bbox 367 559 1711 619; baseline -0.003 -15"><span class='ocrx_word' id='word_1_48' title='bbox 367 561 430 604; x_wconf 82' lang='lat' dir='ltr'><strong>bis</strong></span> <span class='ocrx_word' id='word_1_49' title='bbox 462 563 573 614; x_wconf 80' lang='lat' dir='ltr'><strong>esset,</strong></span> <span class='ocrx_word' id='word_1_50' title='bbox 606 564 860 605; x_wconf 85' lang='lat' dir='ltr'><strong>concedente</strong></span> <span class='ocrx_word' id='word_1_51' title='bbox 894 565 1066 619; x_wconf 69' lang='lat' dir='ltr'><strong>collega,</strong></span> <span class='ocrx_word' id='word_1_52' title='bbox 1109 564 1239 603; x_wconf 61' lang='lat' dir='ltr'><strong>leetus</strong></span> <span class='ocrx_word' id='word_1_53' title='bbox 1262 577 1284 602; x_wconf 90' lang='lat' dir='ltr'><strong>a</strong></span> <span class='ocrx_word' id='word_1_54' title='bbox 1314 562 1562 617; x_wconf 87' lang='lat' dir='ltr'><strong>Sempronio</strong></span> <span class='ocrx_word' id='word_1_55' title='bbox 1596 559 1711 615; x_wconf 82' lang='lat' dir='ltr'><strong>prin-</strong></span> 
     </span>
     <span class='ocr_line' id='line_1_8' title="bbox 367 619 1708 678; baseline -0.001 -15"><span class='ocrx_word' id='word_1_56' title='bbox 367 636 467 676; x_wconf 81' lang='lat' dir='ltr'><strong>ceps</strong></span> <span class='ocrx_word' id='word_1_57' title='bbox 506 624 549 663; x_wconf 87' lang='lat' dir='ltr'><strong>in</strong></span> <span class='ocrx_word' id='word_1_58' title='bbox 594 622 735 664; x_wconf 85' lang='lat' dir='ltr'><strong>senatu</strong></span> <span class='ocrx_word' id='word_1_59' title='bbox 772 622 827 678; x_wconf 77' lang='lat' dir='ltr'>Q</span> <span class='ocrx_word' id='word_1_60' title='bbox 852 622 1001 664; x_wconf 84' lang='lat' dir='ltr'>Fabius</span> <span class='ocrx_word' id='word_1_61' title='bbox 1036 621 1252 662; x_wconf 70' lang='lat' dir='ltr'><strong>Maximus</strong></span> <span class='ocrx_word' id='word_1_62' title='bbox 1275 621 1444 662; x_wconf 84' lang='lat' dir='ltr'><strong>consul:</strong></span> <span class='ocrx_word' id='word_1_63' title='bbox 1476 620 1571 661; x_wconf 84' lang='lat' dir='ltr'><strong>inde</strong></span> <span class='ocrx_word' id='word_1_64' title='bbox 1604 619 1708 661; x_wconf 85' lang='lat' dir='ltr'><strong>alius</strong></span> 
     </span>
     <span class='ocr_line' id='line_1_9' title="bbox 369 678 1708 736; baseline -0.001 -15"><span class='ocrx_word' id='word_1_65' title='bbox 369 681 505 722; x_wconf 55' lang='lat' dir='ltr'><strong>Icelus</strong></span> <span class='ocrx_word' id='word_1_66' title='bbox 527 681 706 732; x_wconf 80' lang='lat' dir='ltr'><strong>senatus,</strong></span> <span class='ocrx_word' id='word_1_67' title='bbox 739 681 835 722; x_wconf 63' lang='lat' dir='ltr'><strong>oesto</strong></span> <span class='ocrx_word' id='word_1_68' title='bbox 857 686 881 734; x_wconf 83' lang='lat'>‡</span> <span class='ocrx_word' id='word_1_69' title='bbox 903 681 1134 736; x_wconf 72' lang='lat' dir='ltr'><strong>praeteritis,</strong></span> <span class='ocrx_word' id='word_1_70' title='bbox 1169 680 1275 721; x_wconf 85' lang='lat' dir='ltr'><strong>inter</strong></span> <span class='ocrx_word' id='word_1_71' title='bbox 1297 694 1402 734; x_wconf 82' lang='lat' dir='ltr'><strong>quos</strong></span> <span class='ocrx_word' id='word_1_72' title='bbox 1439 680 1488 720; x_wconf 90' lang='lat' dir='ltr'><strong>L.</strong></span> <span class='ocrx_word' id='word_1_73' title='bbox 1513 678 1708 721; x_wconf 81' lang='lat' dir='ltr'><strong>Caecilius</strong></span> 
     </span>
     <span class='ocr_line' id='line_1_10' title="bbox 370 737 1709 793; baseline -0.002 -13"><span class='ocrx_word' id='word_1_74' title='bbox 370 739 569 782; x_wconf 78' lang='lat' dir='ltr'>Metellus</span> <span class='ocrx_word' id='word_1_75' title='bbox 590 750 693 791; x_wconf 86' lang='lat' dir='ltr'><strong>erat,</strong></span> <span class='ocrx_word' id='word_1_76' title='bbox 723 740 889 781; x_wconf 84' lang='lat' dir='ltr'><strong>infamis</strong></span> <span class='ocrx_word' id='word_1_77' title='bbox 908 740 1054 781; x_wconf 74' lang='lat' dir='ltr'><strong>auCtor</strong></span> <span class='ocrx_word' id='word_1_78' title='bbox 1071 739 1303 781; x_wconf 78' lang='lat' dir='ltr'><strong>deserendae</strong></span> <span class='ocrx_word' id='word_1_79' title='bbox 1333 738 1462 780; x_wconf 80' lang='lat' dir='ltr'><strong>Italiae</strong></span> <span class='ocrx_word' id='word_1_80' title='bbox 1484 737 1573 793; x_wconf 91' lang='lat' dir='ltr'><strong>post</strong></span> <span class='ocrx_word' id='word_1_81' title='bbox 1597 739 1709 780; x_wconf 87' lang='lat' dir='ltr'><strong>Can-</strong></span> 
     </span>
     <span class='ocr_line' id='line_1_11' title="bbox 370 796 1710 853; baseline -0.001 -14"><span class='ocrx_word' id='word_1_82' title='bbox 370 799 538 840; x_wconf 87' lang='lat' dir='ltr'><strong>nensem</strong></span> <span class='ocrx_word' id='word_1_83' title='bbox 557 801 730 841; x_wconf 83' lang='lat' dir='ltr'>cladem.</span> <span class='ocrx_word' id='word_1_84' title='bbox 795 800 842 839; x_wconf 86' lang='lat' dir='ltr'><strong>In</strong></span> <span class='ocrx_word' id='word_1_85' title='bbox 864 799 1120 853; x_wconf 83' lang='lat' dir='ltr'><strong>equestribus</strong></span> <span class='ocrx_word' id='word_1_86' title='bbox 1143 812 1309 853; x_wconf 88' lang='lat' dir='ltr'><strong>quoque</strong></span> <span class='ocrx_word' id='word_1_87' title='bbox 1333 797 1440 840; x_wconf 79' lang='lat' dir='ltr'><strong>notis</strong></span> <span class='ocrx_word' id='word_1_88' title='bbox 1461 799 1606 839; x_wconf 87' lang='lat' dir='ltr'><strong>eadem</strong></span> <span class='ocrx_word' id='word_1_89' title='bbox 1628 796 1710 838; x_wconf 80' lang='lat' dir='ltr'><strong>ser-</strong></span> 
     </span>
     <span class='ocr_line' id='line_1_12' title="bbox 369 856 1708 913; baseline -0.001 -15"><span class='ocrx_word' id='word_1_90' title='bbox 369 868 461 898; x_wconf 85' lang='lat' dir='ltr'><strong>vata</strong></span> <span class='ocrx_word' id='word_1_91' title='bbox 483 859 616 900; x_wconf 83' lang='lat' dir='ltr'><strong>causa.</strong></span> <span class='ocrx_word' id='word_1_92' title='bbox 640 858 706 899; x_wconf 78' lang='lat' dir='ltr'><strong>fed</strong></span> <span class='ocrx_word' id='word_1_93' title='bbox 725 868 839 898; x_wconf 80' lang='lat' dir='ltr'><strong>erant</strong></span> <span class='ocrx_word' id='word_1_94' title='bbox 862 859 1074 913; x_wconf 77' lang='lat' dir='ltr'>perpauci,</span> <span class='ocrx_word' id='word_1_95' title='bbox 1097 873 1199 912; x_wconf 82' lang='lat' dir='ltr'><strong>quos</strong></span> <span class='ocrx_word' id='word_1_96' title='bbox 1217 872 1264 898; x_wconf 87' lang='lat' dir='ltr'><strong>ea</strong></span> <span class='ocrx_word' id='word_1_97' title='bbox 1282 856 1454 898; x_wconf 78' lang='lat' dir='ltr'><strong>infamia</strong></span> <span class='ocrx_word' id='word_1_98' title='bbox 1474 856 1708 913; x_wconf 84' lang='lat' dir='ltr'><strong>attingeret.</strong></span> 
     </span>
    </p>

    <p class='ocr_par' dir='ltr' id='par_1_3' title="bbox 141 906 1708 972">
     <span class='ocr_line' id='line_1_13' title="bbox 141 906 1708 972; baseline -0.001 -13"><span class='ocrx_word' id='word_1_99' title='bbox 141 907 249 938; x_wconf 58' lang='lat' dir='ltr'><strong>Nm‘f</strong></span> <span class='ocrx_word' id='word_1_100' title='bbox 266 906 342 959; x_wconf 46' lang='grc' dir='ltr'><strong>ΟΨ</strong></span> <span class='ocrx_word' id='word_1_101' title='bbox 370 917 456 958; x_wconf 88' lang='lat' dir='ltr'><strong>Illis</strong></span> <span class='ocrx_word' id='word_1_102' title='bbox 473 917 665 958; x_wconf 75' lang='lat' dir='ltr'><strong>omnibus</strong></span> <span class='ocrx_word' id='word_1_103' title='bbox 687 919 744 970; x_wconf 66' lang='grc' dir='ltr'><strong>(Ξῖ</strong></span> <span class='ocrx_word' id='word_1_104' title='bbox 771 918 894 962; x_wconf 78' lang='lat' dir='ltr'><strong>multi</strong></span> <span class='ocrx_word' id='word_1_105' title='bbox 913 921 1046 970; x_wconf 85' lang='lat' dir='ltr'><strong>erant)</strong></span> <span class='ocrx_word' id='word_1_106' title='bbox 1063 917 1245 972; x_wconf 81' lang='lat' dir='ltr'>adempti</span> <span class='ocrx_word' id='word_1_107' title='bbox 1278 917 1392 971; x_wconf 82' lang='lat' dir='ltr'><strong>equi,</strong></span> <span class='ocrx_word' id='word_1_108' title='bbox 1425 916 1497 970; x_wconf 85' lang='lat' dir='ltr'><strong>qui</strong></span> <span class='ocrx_word' id='word_1_109' title='bbox 1515 916 1708 957; x_wconf 88' lang='lat' dir='ltr'><strong>Cannen-</strong></span> 
     </span>
    </p>

    <p class='ocr_par' dir='ltr' id='par_1_4' title="bbox 138 954 1710 1562">
     <span class='ocr_line' id='line_1_14' title="bbox 138 954 1710 1031; baseline 0.001 -16"><span class='ocrx_word' id='word_1_110' title='bbox 138 954 324 1029; x_wconf 51' lang='lat' dir='ltr'><strong>{Zrfiseqm-</strong></span> <span class='ocrx_word' id='word_1_111' title='bbox 378 975 480 1015; x_wconf 83' lang='lat' dir='ltr'><strong>fium</strong></span> <span class='ocrx_word' id='word_1_112' title='bbox 503 976 714 1031; x_wconf 76' lang='lat' dir='ltr'><strong>legionum</strong></span> <span class='ocrx_word' id='word_1_113' title='bbox 747 976 906 1030; x_wconf 85' lang='lat' dir='ltr'><strong>equites</strong></span> <span class='ocrx_word' id='word_1_114' title='bbox 937 976 979 1015; x_wconf 81' lang='lat' dir='ltr'><strong>iu</strong></span> <span class='ocrx_word' id='word_1_115' title='bbox 999 976 1136 1016; x_wconf 72' lang='lat' dir='ltr'><strong>Sicilia</strong></span> <span class='ocrx_word' id='word_1_116' title='bbox 1167 986 1296 1016; x_wconf 86' lang='lat' dir='ltr'><strong>erant.</strong></span> <span class='ocrx_word' id='word_1_117' title='bbox 1329 976 1575 1016; x_wconf 84' lang='lat' dir='ltr'><strong>addiderunt</strong></span> <span class='ocrx_word' id='word_1_118' title='bbox 1597 989 1710 1016; x_wconf 86' lang='lat' dir='ltr'><strong>acer-</strong></span> 
     </span>
     <span class='ocr_line' id='line_1_15' title="bbox 368 1034 1709 1090; baseline 0 -15"><span class='ocrx_word' id='word_1_119' title='bbox 368 1034 487 1075; x_wconf 85' lang='lat' dir='ltr'><strong>bitati</strong></span> <span class='ocrx_word' id='word_1_120' title='bbox 499 1036 624 1075; x_wconf 87' lang='lat' dir='ltr'><strong>etiam</strong></span> <span class='ocrx_word' id='word_1_121' title='bbox 641 1045 818 1089; x_wconf 86' lang='lat' dir='ltr'><strong>tempus,</strong></span> <span class='ocrx_word' id='word_1_122' title='bbox 836 1048 887 1074; x_wconf 84' lang='lat' dir='ltr'><strong>ne</strong></span> <span class='ocrx_word' id='word_1_123' title='bbox 908 1035 1112 1089; x_wconf 66' lang='lat' dir='ltr'><strong>praeterita</strong></span> <span class='ocrx_word' id='word_1_124' title='bbox 1131 1034 1328 1089; x_wconf 84' lang='lat' dir='ltr'><strong>stipendia</strong></span> <span class='ocrx_word' id='word_1_125' title='bbox 1344 1036 1709 1090; x_wconf 87' lang='lat' dir='ltr'><strong>procederent(10)</strong></span> 
     </span>
     <span class='ocr_line' id='line_1_16' title="bbox 370 1092 1710 1150; baseline 0 -17"><span class='ocrx_word' id='word_1_126' title='bbox 370 1092 437 1145; x_wconf 80' lang='lat' dir='ltr'>iis,</span> <span class='ocrx_word' id='word_1_127' title='bbox 470 1108 563 1148; x_wconf 84' lang='lat' dir='ltr'><strong>quae</strong></span> <span class='ocrx_word' id='word_1_128' title='bbox 605 1107 714 1147; x_wconf 90' lang='lat' dir='ltr'><strong>equo</strong></span> <span class='ocrx_word' id='word_1_129' title='bbox 759 1093 926 1148; x_wconf 84' lang='lat' dir='ltr'><strong>publico</strong></span> <span class='ocrx_word' id='word_1_130' title='bbox 968 1103 1245 1141; x_wconf 79' lang='lat' dir='ltr'><strong>emeruerant,</strong></span> <span class='ocrx_word' id='word_1_131' title='bbox 1297 1092 1364 1134; x_wconf 90' lang='lat' dir='ltr'><strong>sed</strong></span> <span class='ocrx_word' id='word_1_132' title='bbox 1406 1094 1511 1134; x_wconf 87' lang='lat' dir='ltr'><strong>dena</strong></span> <span class='ocrx_word' id='word_1_133' title='bbox 1529 1096 1620 1150; x_wconf 79' lang='lat'><em>(11)</em></span> <span class='ocrx_word' id='word_1_134' title='bbox 1640 1094 1710 1134; x_wconf 81' lang='lat' dir='ltr'><strong>sti-</strong></span> 
     </span>
     <span class='ocr_line' id='line_1_17' title="bbox 370 1152 1710 1208; baseline 0.001 -17"><span class='ocrx_word' id='word_1_135' title='bbox 370 1153 521 1207; x_wconf 78' lang='lat' dir='ltr'><strong>pendia</strong></span> <span class='ocrx_word' id='word_1_136' title='bbox 558 1153 677 1207; x_wconf 82' lang='lat' dir='ltr'><strong>equis</strong></span> <span class='ocrx_word' id='word_1_137' title='bbox 711 1152 878 1208; x_wconf 84' lang='lat' dir='ltr'><strong>privatis</strong></span> <span class='ocrx_word' id='word_1_138' title='bbox 915 1152 1112 1193; x_wconf 85' lang='lat' dir='ltr'><strong>facerent.</strong></span> <span class='ocrx_word' id='word_1_139' title='bbox 1174 1152 1380 1205; x_wconf 80' lang='lat' dir='ltr'><strong>Magnum</strong></span> <span class='ocrx_word' id='word_1_140' title='bbox 1412 1162 1609 1206; x_wconf 86' lang='lat' dir='ltr'><strong>praeterea</strong></span> <span class='ocrx_word' id='word_1_141' title='bbox 1631 1167 1710 1193; x_wconf 89' lang='lat' dir='ltr'><strong>nu-</strong></span> 
     </span>
     <span class='ocr_line' id='line_1_18' title="bbox 371 1210 1707 1266; baseline 0.001 -15"><span class='ocrx_word' id='word_1_142' title='bbox 371 1225 535 1252; x_wconf 79' lang='lat' dir='ltr'><strong>merum</strong></span> <span class='ocrx_word' id='word_1_143' title='bbox 559 1225 703 1252; x_wconf 83' lang='lat' dir='ltr'><strong>eorum</strong></span> <span class='ocrx_word' id='word_1_144' title='bbox 725 1211 1074 1266; x_wconf 84' lang='lat' dir='ltr'><strong>conquifiverunt,</strong></span> <span class='ocrx_word' id='word_1_145' title='bbox 1107 1212 1178 1266; x_wconf 88' lang='lat' dir='ltr'><strong>qui</strong></span> <span class='ocrx_word' id='word_1_146' title='bbox 1195 1225 1303 1266; x_wconf 83' lang='lat' dir='ltr'><strong>equo</strong></span> <span class='ocrx_word' id='word_1_147' title='bbox 1321 1225 1478 1252; x_wconf 88' lang='lat' dir='ltr'><strong>merere</strong></span> <span class='ocrx_word' id='word_1_148' title='bbox 1496 1210 1707 1253; x_wconf 85' lang='lat' dir='ltr'><strong>deberent:</strong></span> 
     </span>
     <span class='ocr_line' id='line_1_19' title="bbox 372 1270 1708 1327; baseline 0.001 -16"><span class='ocrx_word' id='word_1_149' title='bbox 372 1281 496 1324; x_wconf 82' lang='lat' dir='ltr'><strong>atque</strong></span> <span class='ocrx_word' id='word_1_150' title='bbox 518 1285 567 1310; x_wconf 81' lang='lat' dir='ltr'><strong>ex</strong></span> <span class='ocrx_word' id='word_1_151' title='bbox 603 1270 666 1320; x_wconf 80' lang='lat' dir='ltr'>iis,</span> <span class='ocrx_word' id='word_1_152' title='bbox 700 1270 997 1326; x_wconf 73' lang='lat' dir='ltr'><strong>quiprincipio</strong></span> <span class='ocrx_word' id='word_1_153' title='bbox 1032 1271 1121 1326; x_wconf 84' lang='lat' dir='ltr'><strong>ejus</strong></span> <span class='ocrx_word' id='word_1_154' title='bbox 1143 1271 1238 1311; x_wconf 81' lang='lat' dir='ltr'><strong>belli</strong></span> <span class='ocrx_word' id='word_1_155' title='bbox 1261 1270 1554 1327; x_wconf 85' lang='lat' dir='ltr'>septemdecim</span> <span class='ocrx_word' id='word_1_156' title='bbox 1575 1285 1708 1312; x_wconf 85' lang='lat' dir='ltr'><strong>annos</strong></span> 
     </span>
     <span class='ocr_line' id='line_1_20' title="bbox 372 1329 1710 1384; baseline 0.001 -15"><span class='ocrx_word' id='word_1_157' title='bbox 372 1329 460 1369; x_wconf 82' lang='lat' dir='ltr'><strong>nati</strong></span> <span class='ocrx_word' id='word_1_158' title='bbox 495 1329 678 1380; x_wconf 85' lang='lat' dir='ltr'><strong>fuerant,</strong></span> <span class='ocrx_word' id='word_1_159' title='bbox 707 1344 842 1384; x_wconf 84' lang='lat' dir='ltr'><strong>neque</strong></span> <span class='ocrx_word' id='word_1_160' title='bbox 880 1330 1170 1382; x_wconf 85' lang='lat' dir='ltr'><strong>militaverant,</strong></span> <span class='ocrx_word' id='word_1_161' title='bbox 1203 1343 1346 1370; x_wconf 88' lang='lat' dir='ltr'><strong>omnes</strong></span> <span class='ocrx_word' id='word_1_162' title='bbox 1368 1335 1393 1383; x_wconf 93' lang='lat'>†</span> <span class='ocrx_word' id='word_1_163' title='bbox 1413 1329 1577 1372; x_wconf 85' lang='lat' dir='ltr'><strong>aerarios</strong></span> <span class='ocrx_word' id='word_1_164' title='bbox 1598 1329 1710 1371; x_wconf 83' lang='lat' dir='ltr'><strong>fece-</strong></span> 
     </span>
     <span class='ocr_line' id='line_1_21' title="bbox 372 1388 1707 1444; baseline 0 -15"><span class='ocrx_word' id='word_1_165' title='bbox 372 1399 483 1429; x_wconf 88' lang='lat' dir='ltr'><strong>runt.</strong></span> <span class='ocrx_word' id='word_1_166' title='bbox 550 1388 815 1430; x_wconf 86' lang='lat' dir='ltr'><strong>Locaverunt</strong></span> <span class='ocrx_word' id='word_1_167' title='bbox 837 1388 932 1429; x_wconf 86' lang='lat' dir='ltr'><strong>inde</strong></span> <span class='ocrx_word' id='word_1_168' title='bbox 954 1388 1192 1438; x_wconf 86' lang='lat' dir='ltr'><strong>reficienda,</strong></span> <span class='ocrx_word' id='word_1_169' title='bbox 1225 1403 1318 1444; x_wconf 85' lang='lat' dir='ltr'><strong>quae</strong></span> <span class='ocrx_word' id='word_1_170' title='bbox 1339 1389 1446 1429; x_wconf 89' lang='lat' dir='ltr'><strong>circa</strong></span> <span class='ocrx_word' id='word_1_171' title='bbox 1484 1388 1622 1430; x_wconf 89' lang='lat' dir='ltr'><strong>forum</strong></span> <span class='ocrx_word' id='word_1_172' title='bbox 1644 1389 1707 1429; x_wconf 87' lang='lat' dir='ltr'><strong>in-</strong></span> 
     </span>
     <span class='ocr_line' id='line_1_22' title="bbox 373 1446 1708 1504; baseline 0 -15"><span class='ocrx_word' id='word_1_173' title='bbox 373 1447 522 1489; x_wconf 87' lang='lat' dir='ltr'><strong>cendio</strong></span> <span class='ocrx_word' id='word_1_174' title='bbox 560 1447 802 1504; x_wconf 87' lang='lat' dir='ltr'><strong>consumpta</strong></span> <span class='ocrx_word' id='word_1_175' title='bbox 844 1459 978 1499; x_wconf 87' lang='lat' dir='ltr'><strong>erant,</strong></span> <span class='ocrx_word' id='word_1_176' title='bbox 1029 1447 1185 1503; x_wconf 86' lang='lat' dir='ltr'><strong>septem</strong></span> <span class='ocrx_word' id='word_1_177' title='bbox 1222 1446 1426 1499; x_wconf 81' lang='lat' dir='ltr'><strong>tabernas,</strong></span> <span class='ocrx_word' id='word_1_178' title='bbox 1470 1449 1708 1499; x_wconf 85' lang='lat' dir='ltr'><strong>macellum,</strong></span> 
     </span>
     <span class='ocr_line' id='line_1_23' title="bbox 373 1506 725 1562; baseline -0.006 -14"><span class='ocrx_word' id='word_1_179' title='bbox 373 1506 526 1548; x_wconf 82' lang='lat' dir='ltr'><strong>atrium</strong></span> <span class='ocrx_word' id='word_1_180' title='bbox 549 1507 725 1562; x_wconf 79' lang='lat' dir='ltr'><strong>regium.</strong></span> 
     </span>
    </p>

    <p class='ocr_par' dir='ltr' id='par_1_5' title="bbox 374 1565 1709 1858">
     <span class='ocr_line' id='line_1_24' title="bbox 434 1565 1708 1622; baseline 0.002 -16"><span class='ocrx_word' id='word_1_181' title='bbox 434 1565 530 1606; x_wconf 85' lang='lat' dir='ltr'>XII.</span> <span class='ocrx_word' id='word_1_182' title='bbox 564 1565 804 1606; x_wconf 68' lang='lat' dir='ltr'><strong>Transaffis</strong></span> <span class='ocrx_word' id='word_1_183' title='bbox 842 1565 1054 1617; x_wconf 84' lang='lat' dir='ltr'><strong>omnibus,</strong></span> <span class='ocrx_word' id='word_1_184' title='bbox 1086 1580 1179 1620; x_wconf 83' lang='lat' dir='ltr'><strong>quae</strong></span> <span class='ocrx_word' id='word_1_185' title='bbox 1201 1565 1350 1607; x_wconf 87' lang='lat' dir='ltr'><strong>Romae</strong></span> <span class='ocrx_word' id='word_1_186' title='bbox 1388 1567 1545 1622; x_wconf 88' lang='lat' dir='ltr'><strong>agenda</strong></span> <span class='ocrx_word' id='word_1_187' title='bbox 1576 1577 1708 1618; x_wconf 86' lang='lat' dir='ltr'><strong>erant,</strong></span> 
     </span>
     <span class='ocr_line' id='line_1_25' title="bbox 375 1623 1709 1682; baseline 0.001 -16"><span class='ocrx_word' id='word_1_188' title='bbox 375 1623 562 1666; x_wconf 88' lang='lat' dir='ltr'><strong>consules</strong></span> <span class='ocrx_word' id='word_1_189' title='bbox 596 1625 646 1664; x_wconf 88' lang='lat' dir='ltr'><strong>ad</strong></span> <span class='ocrx_word' id='word_1_190' title='bbox 680 1624 836 1665; x_wconf 89' lang='lat' dir='ltr'><strong>bellurn</strong></span> <span class='ocrx_word' id='word_1_191' title='bbox 871 1623 1064 1680; x_wconf 66' lang='lat' dir='ltr'><strong>profecsti.</strong></span> <span class='ocrx_word' id='word_1_192' title='bbox 1126 1625 1245 1665; x_wconf 87' lang='lat' dir='ltr'><strong>Prior</strong></span> <span class='ocrx_word' id='word_1_193' title='bbox 1279 1625 1448 1666; x_wconf 88' lang='lat' dir='ltr'><strong>Fulvius</strong></span> <span class='ocrx_word' id='word_1_194' title='bbox 1470 1626 1709 1682; x_wconf 80' lang='lat' dir='ltr'><strong>praegrefl‘us</strong></span> 
     </span>
     <span class='ocr_line' id='line_1_26' title="bbox 375 1683 1707 1739; baseline 0.002 -15"><span class='ocrx_word' id='word_1_195' title='bbox 375 1683 580 1737; x_wconf 79' lang='lat' dir='ltr'><strong>Capuam.</strong></span> <span class='ocrx_word' id='word_1_196' title='bbox 641 1683 738 1724; x_wconf 89' lang='lat' dir='ltr'><strong>Post</strong></span> <span class='ocrx_word' id='word_1_197' title='bbox 774 1697 927 1738; x_wconf 87' lang='lat' dir='ltr'><strong>paucos</strong></span> <span class='ocrx_word' id='word_1_198' title='bbox 964 1683 1051 1725; x_wconf 79' lang='lat' dir='ltr'><strong>dies</strong></span> <span class='ocrx_word' id='word_1_199' title='bbox 1087 1683 1332 1726; x_wconf 89' lang='lat' dir='ltr'><strong>consecutus</strong></span> <span class='ocrx_word' id='word_1_200' title='bbox 1354 1683 1534 1734; x_wconf 86' lang='lat' dir='ltr'><strong>Fabius;</strong></span> <span class='ocrx_word' id='word_1_201' title='bbox 1567 1684 1707 1739; x_wconf 82' lang='lat' dir='ltr'><strong>qui&amp;</strong></span> 
     </span>
     <span class='ocr_line' id='line_1_27' title="bbox 374 1740 1708 1797; baseline 0.001 -14"><span class='ocrx_word' id='word_1_202' title='bbox 374 1742 578 1797; x_wconf 85' lang='lat' dir='ltr'><strong>collegam</strong></span> <span class='ocrx_word' id='word_1_203' title='bbox 609 1740 749 1782; x_wconf 61' lang='lat' dir='ltr'><strong>cor-am</strong></span> <span class='ocrx_word' id='word_1_204' title='bbox 772 1741 1013 1792; x_wconf 87' lang='lat' dir='ltr'><strong>obtestatus,</strong></span> <span class='ocrx_word' id='word_1_205' title='bbox 1049 1745 1086 1783; x_wconf 77' lang='lat'><strong>8&lt;</strong></span> <span class='ocrx_word' id='word_1_206' title='bbox 1112 1756 1184 1797; x_wconf 88' lang='lat' dir='ltr'><strong>per</strong></span> <span class='ocrx_word' id='word_1_207' title='bbox 1205 1743 1342 1783; x_wconf 82' lang='lat' dir='ltr'><strong>literas</strong></span> <span class='ocrx_word' id='word_1_208' title='bbox 1365 1743 1629 1794; x_wconf 84' lang='lat' dir='ltr'><strong>Marcellum,</strong></span> <span class='ocrx_word' id='word_1_209' title='bbox 1661 1754 1708 1785; x_wconf 90' lang='lat' dir='ltr'><strong>ut</strong></span> 
     </span>
     <span class='ocr_line' id='line_1_28' title="bbox 375 1799 1708 1858; baseline 0.003 -18"><span class='ocrx_word' id='word_1_210' title='bbox 375 1799 503 1857; x_wconf 68' lang='lat' dir='ltr'><strong>quam</strong></span> <span class='ocrx_word' id='word_1_211' title='bbox 540 1801 740 1841; x_wconf 86' lang='lat' dir='ltr'><strong>acerrimo</strong></span> <span class='ocrx_word' id='word_1_212' title='bbox 775 1800 883 1842; x_wconf 90' lang='lat' dir='ltr'><strong>bello</strong></span> <span class='ocrx_word' id='word_1_213' title='bbox 920 1802 1122 1842; x_wconf 76' lang='lat' dir='ltr'><strong>detineret</strong></span> <span class='ocrx_word' id='word_1_214' title='bbox 1161 1801 1460 1853; x_wconf 86' lang='lat' dir='ltr'><strong>Hannibalem,</strong></span> <span class='ocrx_word' id='word_1_215' title='bbox 1492 1803 1593 1843; x_wconf 90' lang='lat' dir='ltr'><strong>dum</strong></span> <span class='ocrx_word' id='word_1_216' title='bbox 1623 1802 1708 1858; x_wconf 84' lang='lat' dir='ltr'><strong>ipse</strong></span> 
     </span>
    </p>

    <p class='ocr_par' dir='ltr' id='par_1_6' title="bbox 144 1859 1711 2096">
     <span class='ocr_line' id='line_1_29' title="bbox 144 1859 1711 1928; baseline 0.001 -28"><span class='ocrx_word' id='word_1_217' title='bbox 144 1887 330 1928; x_wconf 66' lang='lat' dir='ltr'><strong>taaiussta·</strong></span> <span class='ocrx_word' id='word_1_218' title='bbox 372 1859 607 1901; x_wconf 82' lang='lat' dir='ltr'><strong>Tarentum</strong></span> <span class='ocrx_word' id='word_1_219' title='bbox 628 1870 912 1915; x_wconf 82' lang='lat' dir='ltr'><strong>oppugnaret:</strong></span> <span class='ocrx_word' id='word_1_220' title='bbox 944 1860 989 1901; x_wconf 68' lang='lat' dir='ltr'><strong>ea</strong></span> <span class='ocrx_word' id='word_1_221' title='bbox 1011 1859 1112 1901; x_wconf 91' lang='lat' dir='ltr'><strong>urbe</strong></span> <span class='ocrx_word' id='word_1_222' title='bbox 1143 1860 1335 1916; x_wconf 66' lang='lat' dir='ltr'><strong>adempta</strong></span> <span class='ocrx_word' id='word_1_223' title='bbox 1356 1859 1462 1901; x_wconf 91' lang='lat' dir='ltr'><strong>hosti</strong></span> <span class='ocrx_word' id='word_1_224' title='bbox 1478 1861 1566 1917; x_wconf 86' lang='lat' dir='ltr'><strong>jam</strong></span> <span class='ocrx_word' id='word_1_225' title='bbox 1590 1861 1711 1903; x_wconf 84' lang='lat' dir='ltr'><strong>undi-</strong></span> 
     </span>
     <span class='ocr_line' id='line_1_30' title="bbox 145 1918 1710 1975; baseline -0.005 -6"><span class='ocrx_word' id='word_1_226' title='bbox 145 1941 203 1969; x_wconf 76' lang='lat' dir='ltr'><strong>tuit</strong></span> <span class='ocrx_word' id='word_1_227' title='bbox 216 1935 333 1967; x_wconf 72' lang='lat' dir='ltr'><strong>‘Taren-</strong></span> <span class='ocrx_word' id='word_1_228' title='bbox 375 1932 456 1973; x_wconf 84' lang='lat' dir='ltr'><strong>que</strong></span> <span class='ocrx_word' id='word_1_229' title='bbox 478 1918 610 1973; x_wconf 88' lang='lat' dir='ltr'><strong>pulso,</strong></span> <span class='ocrx_word' id='word_1_230' title='bbox 643 1933 718 1959; x_wconf 90' lang='lat' dir='ltr'><strong>nec</strong></span> <span class='ocrx_word' id='word_1_231' title='bbox 753 1919 824 1959; x_wconf 85' lang='lat' dir='ltr'><strong>ubi</strong></span> <span class='ocrx_word' id='word_1_232' title='bbox 846 1919 1094 1970; x_wconf 73' lang='lat' dir='ltr'><strong>consisteret,</strong></span> <span class='ocrx_word' id='word_1_233' title='bbox 1123 1933 1199 1960; x_wconf 90' lang='lat' dir='ltr'><strong>nec</strong></span> <span class='ocrx_word' id='word_1_234' title='bbox 1222 1920 1321 1974; x_wconf 87' lang='lat' dir='ltr'><strong>quid</strong></span> <span class='ocrx_word' id='word_1_235' title='bbox 1345 1920 1477 1961; x_wconf 91' lang='lat' dir='ltr'><strong>fidum</strong></span> <span class='ocrx_word' id='word_1_236' title='bbox 1499 1923 1561 1975; x_wconf 77' lang='grc' dir='ltr'><strong>(Ι)</strong></span> <span class='ocrx_word' id='word_1_237' title='bbox 1583 1920 1710 1975; x_wconf 82' lang='lat' dir='ltr'><strong>respi-</strong></span> 
     </span>
     <span class='ocr_line' id='line_1_31' title="bbox 145 1977 1707 2031; baseline 0.001 -13"><span class='ocrx_word' id='word_1_238' title='bbox 145 1991 203 2014; x_wconf 79' lang='lat' dir='ltr'><strong>tum</strong></span> <span class='ocrx_word' id='word_1_239' title='bbox 218 1988 324 2024; x_wconf 80' lang='lat' dir='ltr'><strong>oppug-</strong></span> <span class='ocrx_word' id='word_1_240' title='bbox 376 1988 487 2019; x_wconf 90' lang='lat' dir='ltr'><strong>ceret</strong></span> <span class='ocrx_word' id='word_1_241' title='bbox 508 1977 691 2028; x_wconf 87' lang='lat' dir='ltr'><strong>habenti,</strong></span> <span class='ocrx_word' id='word_1_242' title='bbox 713 1992 765 2018; x_wconf 91' lang='lat' dir='ltr'><strong>ne</strong></span> <span class='ocrx_word' id='word_1_243' title='bbox 786 1978 1020 2018; x_wconf 84' lang='lat' dir='ltr'><strong>remorandi</strong></span> <span class='ocrx_word' id='word_1_244' title='bbox 1038 1978 1207 2031; x_wconf 84' lang='lat' dir='ltr'><strong>quidem</strong></span> <span class='ocrx_word' id='word_1_245' title='bbox 1229 1979 1392 2020; x_wconf 82' lang='lat' dir='ltr'><strong>causam</strong></span> <span class='ocrx_word' id='word_1_246' title='bbox 1410 1978 1452 2018; x_wconf 89' lang='lat' dir='ltr'><strong>in</strong></span> <span class='ocrx_word' id='word_1_247' title='bbox 1468 1978 1585 2020; x_wconf 64' lang='lat' dir='ltr'><strong>ltalia</strong></span> <span class='ocrx_word' id='word_1_248' title='bbox 1602 1979 1707 2021; x_wconf 85' lang='lat' dir='ltr'><strong>fore.</strong></span> 
     </span>
     <span class='ocr_line' id='line_1_32' title="bbox 144 2036 1709 2096; baseline 0 -18"><span class='ocrx_word' id='word_1_249' title='bbox 144 2040 228 2060; x_wconf 55' lang='lat' dir='ltr'><strong>mm·</strong></span> <span class='ocrx_word' id='word_1_250' title='bbox 377 2036 592 2093; x_wconf 77' lang='lat' dir='ltr'><strong>Rhegium</strong></span> <span class='ocrx_word' id='word_1_251' title='bbox 614 2037 739 2078; x_wconf 83' lang='lat' dir='ltr'><strong>etiam</strong></span> <span class='ocrx_word' id='word_1_252' title='bbox 761 2037 964 2080; x_wconf 87' lang='lat' dir='ltr'><strong>nuncium</strong></span> <span class='ocrx_word' id='word_1_253' title='bbox 995 2036 1124 2078; x_wconf 81' lang='lat' dir='ltr'><strong>mittit</strong></span> <span class='ocrx_word' id='word_1_254' title='bbox 1158 2038 1209 2078; x_wconf 89' lang='lat' dir='ltr'><strong>ad</strong></span> <span class='ocrx_word' id='word_1_255' title='bbox 1240 2037 1487 2096; x_wconf 59' lang='lat' dir='ltr'><strong>praescitum</strong></span> <span class='ocrx_word' id='word_1_256' title='bbox 1518 2039 1709 2095; x_wconf 84' lang='lat' dir='ltr'><strong>praefidii,</strong></span> 
     </span>
    </p>
   </div>
   <div class='ocr_carea' id='block_1_3' title="bbox 1595 2098 1709 2154">
    <p class='ocr_par' dir='ltr' id='par_1_7' title="bbox 1595 2098 1709 2154">
     <span class='ocr_line' id='line_1_33' title="bbox 1595 2098 1709 2154; baseline 0 -15"><span class='ocrx_word' id='word_1_257' title='bbox 1595 2098 1709 2154; x_wconf 91' lang='lat' dir='ltr'><strong>quod</strong></span> 
     </span>
    </p>
   </div>
   <div class='ocr_carea' id='block_1_4' title="bbox 377 2214 1708 2708">
    <p class='ocr_par' dir='ltr' id='par_1_8' title="bbox 377 2214 1708 2535">
     <span class='ocr_line' id='line_1_34' title="bbox 377 2214 1706 2260; baseline 0.001 -13"><span class='ocrx_word' id='word_1_258' title='bbox 377 2214 476 2248; x_wconf 69' lang='lat' dir='ltr'><strong>natus</strong></span> <span class='ocrx_word' id='word_1_259' title='bbox 493 2215 568 2254; x_wconf 81' lang='lat' dir='ltr'><strong>fuit,</strong></span> <span class='ocrx_word' id='word_1_260' title='bbox 591 2214 649 2257; x_wconf 85' lang='lat' dir='ltr'><strong>qui</strong></span> <span class='ocrx_word' id='word_1_261' title='bbox 666 2214 794 2258; x_wconf 79' lang='lat' dir='ltr'><strong>primus</strong></span> <span class='ocrx_word' id='word_1_262' title='bbox 820 2227 839 2247; x_wconf 78' lang='lat' dir='ltr'><strong>a</strong></span> <span class='ocrx_word' id='word_1_263' title='bbox 855 2216 989 2248; x_wconf 78' lang='lat' dir='ltr'><strong>censore</strong></span> <span class='ocrx_word' id='word_1_264' title='bbox 1007 2214 1040 2247; x_wconf 80' lang='lat' dir='ltr'><strong>in</strong></span> <span class='ocrx_word' id='word_1_265' title='bbox 1059 2215 1205 2248; x_wconf 78' lang='lat' dir='ltr'><strong>senatum</strong></span> <span class='ocrx_word' id='word_1_266' title='bbox 1223 2216 1329 2249; x_wconf 74' lang='lat' dir='ltr'><strong>lectus</strong></span> <span class='ocrx_word' id='word_1_267' title='bbox 1358 2224 1441 2256; x_wconf 83' lang='lat' dir='ltr'><strong>erat,</strong></span> <span class='ocrx_word' id='word_1_268' title='bbox 1463 2215 1655 2260; x_wconf 77' lang='lat' dir='ltr'><strong>primusque</strong></span> <span class='ocrx_word' id='word_1_269' title='bbox 1670 2217 1706 2249; x_wconf 89' lang='lat' dir='ltr'><strong>in</strong></span> 
     </span>
     <span class='ocr_line' id='line_1_35' title="bbox 378 2260 1708 2306; baseline 0.001 -13"><span class='ocrx_word' id='word_1_270' title='bbox 378 2262 493 2294; x_wconf 84' lang='lat' dir='ltr'><strong>senatu</strong></span> <span class='ocrx_word' id='word_1_271' title='bbox 519 2260 715 2293; x_wconf 81' lang='lat' dir='ltr'><strong>sententiam</strong></span> <span class='ocrx_word' id='word_1_272' title='bbox 740 2261 933 2304; x_wconf 82' lang='lat' dir='ltr'><strong>rogabatur.</strong></span> <span class='ocrx_word' id='word_1_273' title='bbox 956 2262 1030 2293; x_wconf 86' lang='lat' dir='ltr'><strong>Sall.</strong></span> <span class='ocrx_word' id='word_1_274' title='bbox 1047 2261 1081 2292; x_wconf 88' lang='lat' dir='ltr'><strong>in</strong></span> <span class='ocrx_word' id='word_1_275' title='bbox 1101 2263 1171 2304; x_wconf 90' lang='lat' dir='ltr'><strong>Jug.</strong></span> <span class='ocrx_word' id='word_1_276' title='bbox 1196 2273 1226 2294; x_wconf 92' lang='lat' dir='ltr'><strong>c.</strong></span> <span class='ocrx_word' id='word_1_277' title='bbox 1247 2272 1302 2302; x_wconf 84' lang='lat'><strong>25.</strong></span> <span class='ocrx_word' id='word_1_278' title='bbox 1351 2265 1406 2294; x_wconf 87' lang='lat' dir='ltr'><strong>M.</strong></span> <span class='ocrx_word' id='word_1_279' title='bbox 1422 2265 1708 2306; x_wconf 69' lang='lat' dir='ltr'><strong>Scaurus...corffula·</strong></span> 
     </span>
     <span class='ocr_line' id='line_1_36' title="bbox 377 2306 1707 2351; baseline 0.001 -12"><span class='ocrx_word' id='word_1_280' title='bbox 377 2310 432 2343; x_wconf 60' lang='grc' dir='ltr'><strong>νὴ,</strong></span> <span class='ocrx_word' id='word_1_281' title='bbox 454 2309 493 2340; x_wconf 68' lang='grc' dir='ltr'><strong>ἱῦ·</strong></span> <span class='ocrx_word' id='word_1_282' title='bbox 506 2315 563 2338; x_wconf 84' lang='lat' dir='ltr'><strong>tum</strong></span> <span class='ocrx_word' id='word_1_283' title='bbox 568 2309 668 2348; x_wconf 71' lang='lat' dir='ltr'><strong>finali</strong></span> <span class='ocrx_word' id='word_1_284' title='bbox 677 2310 824 2350; x_wconf 81' lang='lat' dir='ltr'><strong>princeps.</strong></span> <span class='ocrx_word' id='word_1_285' title='bbox 867 2307 986 2339; x_wconf 64' lang='lat' dir='ltr'><strong>Led&#39;fio</strong></span> <span class='ocrx_word' id='word_1_286' title='bbox 1003 2316 1114 2339; x_wconf 87' lang='lat' dir='ltr'><strong>autem</strong></span> <span class='ocrx_word' id='word_1_287' title='bbox 1132 2306 1261 2340; x_wconf 78' lang='lat' dir='ltr'><strong>senatfis</strong></span> <span class='ocrx_word' id='word_1_288' title='bbox 1279 2307 1452 2351; x_wconf 78' lang='lat' dir='ltr'><strong>utriusque</strong></span> <span class='ocrx_word' id='word_1_289' title='bbox 1464 2307 1608 2341; x_wconf 81' lang='lat' dir='ltr'><strong>censoris</strong></span> <span class='ocrx_word' id='word_1_290' title='bbox 1622 2308 1707 2347; x_wconf 74' lang='lat' dir='ltr'><strong>fui13</strong></span> 
     </span>
     <span class='ocr_line' id='line_1_37' title="bbox 379 2351 1706 2397; baseline 0.002 -14"><span class='ocrx_word' id='word_1_291' title='bbox 379 2352 541 2396; x_wconf 79' lang='lat' dir='ltr'><strong>principis</strong></span> <span class='ocrx_word' id='word_1_292' title='bbox 557 2351 698 2391; x_wconf 67' lang='lat' dir='ltr'><strong>senatus,</strong></span> <span class='ocrx_word' id='word_1_293' title='bbox 721 2353 820 2385; x_wconf 81' lang='lat' dir='ltr'><strong>unius</strong></span> <span class='ocrx_word' id='word_1_294' title='bbox 836 2354 979 2392; x_wconf 71' lang='lat' dir='ltr'><strong>tantum,</strong></span> <span class='ocrx_word' id='word_1_295' title='bbox 1002 2353 1054 2385; x_wconf 87' lang='lat' dir='ltr'><strong>cui</strong></span> <span class='ocrx_word' id='word_1_296' title='bbox 1079 2352 1112 2384; x_wconf 82' lang='lat' dir='ltr'><strong>id</strong></span> <span class='ocrx_word' id='word_1_297' title='bbox 1135 2354 1223 2385; x_wconf 83' lang='lat' dir='ltr'><strong>sorte</strong></span> <span class='ocrx_word' id='word_1_298' title='bbox 1247 2353 1422 2397; x_wconf 83' lang='lat' dir='ltr'><strong>obtigerat.</strong></span> <span class='ocrx_word' id='word_1_299' title='bbox 1468 2355 1526 2396; x_wconf 87' lang='lat'><strong>(9)</strong></span> <span class='ocrx_word' id='word_1_300' title='bbox 1542 2354 1706 2387; x_wconf 86' lang='lat' dir='ltr'><strong>Probatu-</strong></span> 
     </span>
     <span class='ocr_line' id='line_1_38' title="bbox 379 2398 1705 2443; baseline 0.001 -13"><span class='ocrx_word' id='word_1_301' title='bbox 379 2409 437 2430; x_wconf 73' lang='grc' dir='ltr'><strong>ωε</strong></span> <span class='ocrx_word' id='word_1_302' title='bbox 452 2398 539 2430; x_wconf 81' lang='lat' dir='ltr'><strong>esset.</strong></span> <span class='ocrx_word' id='word_1_303' title='bbox 585 2398 636 2430; x_wconf 87' lang='lat' dir='ltr'><strong>Sic</strong></span> <span class='ocrx_word' id='word_1_304' title='bbox 655 2400 743 2431; x_wconf 88' lang='lat' dir='ltr'><strong>Hor.</strong></span> <span class='ocrx_word' id='word_1_305' title='bbox 757 2399 779 2429; x_wconf 85' lang='lat' dir='ltr'><strong>l.</strong></span> <span class='ocrx_word' id='word_1_306' title='bbox 800 2408 829 2430; x_wconf 91' lang='lat'><strong>1.</strong></span> <span class='ocrx_word' id='word_1_307' title='bbox 847 2402 914 2432; x_wconf 88' lang='lat' dir='ltr'><strong>Sat.</strong></span> <span class='ocrx_word' id='word_1_308' title='bbox 931 2409 963 2432; x_wconf 80' lang='lat'><strong>2.</strong></span> <span class='ocrx_word' id='word_1_309' title='bbox 980 2409 1010 2430; x_wconf 88' lang='lat' dir='ltr'><strong>v.</strong></span> <span class='ocrx_word' id='word_1_310' title='bbox 1030 2408 1107 2438; x_wconf 86' lang='lat'><strong>134.</strong></span> <span class='ocrx_word' id='word_1_311' title='bbox 1137 2401 1223 2431; x_wconf 78' lang='lat' dir='ltr'><strong>Fabio</strong></span> <span class='ocrx_word' id='word_1_312' title='bbox 1240 2402 1391 2443; x_wconf 80' lang='lat' dir='ltr'><strong>veljudice</strong></span> <span class='ocrx_word' id='word_1_313' title='bbox 1405 2404 1534 2432; x_wconf 79' lang='lat' dir='ltr'><strong>vincam.</strong></span> <span class='ocrx_word' id='word_1_314' title='bbox 1579 2403 1645 2432; x_wconf 85' lang='lat' dir='ltr'><strong>Sat.</strong></span> <span class='ocrx_word' id='word_1_315' title='bbox 1675 2410 1705 2440; x_wconf 80' lang='lat'><strong>3.</strong></span> 
     </span>
     <span class='ocr_line' id='line_1_39' title="bbox 381 2444 1705 2487; baseline 0.002 -12"><span class='ocrx_word' id='word_1_316' title='bbox 381 2454 413 2476; x_wconf 82' lang='lat' dir='ltr'><strong>v.</strong></span> <span class='ocrx_word' id='word_1_317' title='bbox 436 2454 447 2475; x_wconf 74' lang='grc' dir='ltr'><strong><em>ι</em></strong></span> <span class='ocrx_word' id='word_1_318' title='bbox 459 2454 511 2484; x_wconf 87' lang='lat'><strong>13.</strong></span> <span class='ocrx_word' id='word_1_319' title='bbox 540 2446 603 2477; x_wconf 76' lang='lat' dir='ltr'><strong>Nec</strong></span> <span class='ocrx_word' id='word_1_320' title='bbox 619 2446 717 2476; x_wconf 76' lang='lat' dir='ltr'><strong>vincet</strong></span> <span class='ocrx_word' id='word_1_321' title='bbox 728 2449 803 2476; x_wconf 80' lang='lat' dir='ltr'><strong>ratio</strong></span> <span class='ocrx_word' id='word_1_322' title='bbox 817 2446 878 2477; x_wconf 78' lang='lat' dir='ltr'><strong>hoc.</strong></span> <span class='ocrx_word' id='word_1_323' title='bbox 897 2446 966 2478; x_wconf 88' lang='lat' dir='ltr'>Cic.</span> <span class='ocrx_word' id='word_1_324' title='bbox 982 2455 1044 2487; x_wconf 85' lang='lat' dir='ltr'><strong>pro</strong></span> <span class='ocrx_word' id='word_1_325' title='bbox 1060 2444 1192 2479; x_wconf 87' lang='lat' dir='ltr'><strong>Cluent.</strong></span> <span class='ocrx_word' id='word_1_326' title='bbox 1207 2456 1237 2478; x_wconf 80' lang='lat' dir='ltr'><strong>e.</strong></span> <span class='ocrx_word' id='word_1_327' title='bbox 1255 2456 1310 2484; x_wconf 82' lang='grc'><strong>44.</strong></span> <span class='ocrx_word' id='word_1_328' title='bbox 1338 2448 1427 2478; x_wconf 83' lang='lat' dir='ltr'><em>Vince</em></span> <span class='ocrx_word' id='word_1_329' title='bbox 1441 2448 1536 2477; x_wconf 80' lang='lat' dir='ltr'><strong>deinde</strong></span> <span class='ocrx_word' id='word_1_330' title='bbox 1547 2448 1644 2477; x_wconf 77' lang='lat' dir='ltr'><strong>virum</strong></span> <span class='ocrx_word' id='word_1_331' title='bbox 1659 2447 1705 2477; x_wconf 84' lang='lat' dir='ltr'><strong>ba-</strong></span> 
     </span>
     <span class='ocr_line' id='line_1_40' title="bbox 378 2490 1703 2535; baseline 0.003 -16"><span class='ocrx_word' id='word_1_332' title='bbox 378 2491 545 2534; x_wconf 77' lang='lat' dir='ltr'><strong>numfuiffi·</strong></span> <span class='ocrx_word' id='word_1_333' title='bbox 563 2491 760 2533; x_wconf 81' lang='lat' dir='ltr'><strong>Oppianicum.</strong></span> <span class='ocrx_word' id='word_1_334' title='bbox 804 2491 884 2532; x_wconf 87' lang='grc' dir='ltr'>(ιο)</span> <span class='ocrx_word' id='word_1_335' title='bbox 900 2491 977 2523; x_wconf 88' lang='lat' dir='ltr'>Vid.</span> <span class='ocrx_word' id='word_1_336' title='bbox 1001 2498 1071 2522; x_wconf 89' lang='lat' dir='ltr'><strong>not.</strong></span> <span class='ocrx_word' id='word_1_337' title='bbox 1092 2490 1122 2522; x_wconf 84' lang='lat'><strong>6.</strong></span> <span class='ocrx_word' id='word_1_338' title='bbox 1140 2493 1181 2523; x_wconf 90' lang='lat' dir='ltr'><strong>ad</strong></span> <span class='ocrx_word' id='word_1_339' title='bbox 1194 2502 1223 2522; x_wconf 90' lang='lat' dir='ltr'><strong>c.</strong></span> <span class='ocrx_word' id='word_1_340' title='bbox 1243 2500 1270 2532; x_wconf 94' lang='lat'><strong>7.</strong></span> <span class='ocrx_word' id='word_1_341' title='bbox 1287 2491 1310 2524; x_wconf 87' lang='lat' dir='ltr'><strong>l.</strong></span> <span class='ocrx_word' id='word_1_342' title='bbox 1329 2501 1361 2532; x_wconf 84' lang='lat'><strong>5.</strong></span> <span class='ocrx_word' id='word_1_343' title='bbox 1377 2492 1487 2535; x_wconf 71' lang='lat' dir='ltr'><strong>supra.</strong></span> <span class='ocrx_word' id='word_1_344' title='bbox 1532 2491 1613 2534; x_wconf 83' lang='lat'>(11)</span> <span class='ocrx_word' id='word_1_345' title='bbox 1634 2493 1703 2523; x_wconf 90' lang='lat' dir='ltr'><strong>Tot</strong></span> 
     </span>
    </p>

    <p class='ocr_par' dir='ltr' id='par_1_9' title="bbox 379 2534 1706 2708">
     <span class='ocr_line' id='line_1_41' title="bbox 379 2534 1230 2580; baseline 0.005 -15"><span class='ocrx_word' id='word_1_346' title='bbox 379 2534 468 2566; x_wconf 83' lang='lat' dir='ltr'><strong>enim</strong></span> <span class='ocrx_word' id='word_1_347' title='bbox 480 2536 577 2568; x_wconf 83' lang='lat' dir='ltr'><strong>annis</strong></span> <span class='ocrx_word' id='word_1_348' title='bbox 587 2534 766 2568; x_wconf 74' lang='lat' dir='ltr'><strong>finiebatur</strong></span> <span class='ocrx_word' id='word_1_349' title='bbox 781 2536 939 2578; x_wconf 86' lang='lat' dir='ltr'><strong>equestris</strong></span> <span class='ocrx_word' id='word_1_350' title='bbox 947 2535 1071 2569; x_wconf 66' lang='lat' dir='ltr'><strong>mihtin:</strong></span> <span class='ocrx_word' id='word_1_351' title='bbox 1088 2544 1230 2580; x_wconf 85' lang='lat' dir='ltr'><strong>tempus.</strong></span> 
     </span>
     <span class='ocr_line' id='line_1_42' title="bbox 425 2581 1704 2626; baseline 0.004 -14"><span class='ocrx_word' id='word_1_352' title='bbox 425 2582 464 2613; x_wconf 85' lang='lat' dir='ltr'><strong>C.</strong></span> <span class='ocrx_word' id='word_1_353' title='bbox 485 2591 536 2615; x_wconf 65' lang='grc' dir='ltr'><strong>ια.</strong></span> <span class='ocrx_word' id='word_1_354' title='bbox 556 2581 614 2625; x_wconf 86' lang='lat'><strong>(1)</strong></span> <span class='ocrx_word' id='word_1_355' title='bbox 637 2582 707 2613; x_wconf 87' lang='lat' dir='ltr'><strong>Nec</strong></span> <span class='ocrx_word' id='word_1_356' title='bbox 724 2581 828 2614; x_wconf 84' lang='lat' dir='ltr'><strong>fidum</strong></span> <span class='ocrx_word' id='word_1_357' title='bbox 849 2594 868 2615; x_wconf 90' lang='lat' dir='ltr'><strong>a</strong></span> <span class='ocrx_word' id='word_1_358' title='bbox 885 2591 979 2626; x_wconf 80' lang='lat' dir='ltr'><strong>tergo</strong></span> <span class='ocrx_word' id='word_1_359' title='bbox 1002 2583 1191 2626; x_wconf 85' lang='lat' dir='ltr'><strong>perfugium</strong></span> <span class='ocrx_word' id='word_1_360' title='bbox 1215 2581 1362 2621; x_wconf 81' lang='lat' dir='ltr'><strong>habenti,</strong></span> <span class='ocrx_word' id='word_1_361' title='bbox 1386 2584 1456 2625; x_wconf 82' lang='lat' dir='ltr'><strong>quo</strong></span> <span class='ocrx_word' id='word_1_362' title='bbox 1479 2583 1512 2616; x_wconf 87' lang='lat' dir='ltr'><strong>se</strong></span> <span class='ocrx_word' id='word_1_363' title='bbox 1528 2585 1704 2626; x_wconf 80' lang='lat' dir='ltr'><strong>reciperet.</strong></span> 
     </span>
     <span class='ocr_line' id='line_1_43' title="bbox 380 2625 1700 2671; baseline 0.002 -11"><span class='ocrx_word' id='word_1_364' title='bbox 380 2625 537 2661; x_wconf 64' lang='lat' dir='ltr'><strong>Ceterum</strong></span> <span class='ocrx_word' id='word_1_365' title='bbox 563 2625 809 2661; x_wconf 60' lang='lat' dir='ltr'><strong>distind‘tionem</strong></span> <span class='ocrx_word' id='word_1_366' title='bbox 832 2628 1009 2662; x_wconf 82' lang='lat' dir='ltr'><strong>maximam</strong></span> <span class='ocrx_word' id='word_1_367' title='bbox 1026 2627 1096 2670; x_wconf 86' lang='lat' dir='ltr'><strong>post</strong></span> <span class='ocrx_word' id='word_1_368' title='bbox 1112 2632 1140 2660; x_wconf 80' lang='lat' dir='ltr'><strong>in</strong></span> <span class='ocrx_word' id='word_1_369' title='bbox 1158 2631 1253 2662; x_wconf 81' lang='lat' dir='ltr'><strong>Italia</strong></span> <span class='ocrx_word' id='word_1_370' title='bbox 1270 2631 1341 2671; x_wconf 81' lang='lat' dir='ltr'><strong>sm</strong></span> <span class='ocrx_word' id='word_1_371' title='bbox 1358 2629 1520 2662; x_wconf 82' lang='lat' dir='ltr'><strong>sublatam</strong></span> <span class='ocrx_word' id='word_1_372' title='bbox 1547 2628 1700 2663; x_wconf 80' lang='lat' dir='ltr'><strong>mallem:</strong></span> 
     </span>
     <span class='ocr_line' id='line_1_44' title="bbox 1640 2684 1706 2708; baseline -0.03 0"><span class='ocrx_word' id='word_1_373' title='bbox 1640 2684 1706 2708; x_wconf 75' lang='lat' dir='ltr'><strong>nec</strong></span> 
     </span>
    </p>
   </div>
  </div>
 </body>
</html>
