1834 3099
346 131 585 176 LIBER
632 130 837 174 XXVIII.
886 130 1037 175 CAP.
1081 131 1205 178 XIV.

117 256 235 290 natos
258 253 276 300 11
312 248 580 316 instratosque
602 259 761 292 teneret
798 263 941 305 equos.
1003 250 1191 292 Vixdum
1212 249 1306 293 satis
1342 251 1455 294 certa

115 305 226 357 luce,
257 309 487 362 equitatum
527 324 694 351 omnem
718 323 813 350 cum
855 308 933 350 levi
956 323 1164 351 armatura
1195 310 1238 350 in
1261 309 1454 354 stationes

115 340 298 408 Punicas
335 367 526 409 immisit:
556 369 651 410 inde
683 367 901 410 confestim
924 367 1006 423 ipse
1029 383 1124 410 cum
1155 369 1269 423 gravi
1289 370 1455 426 agmine

117 425 329 481 legionum
365 428 566 482 procedit,
598 438 746 482 praeter
766 426 1006 482 opinionem
1033 433 1048 479 11
1085 428 1327 469 destinatam
1362 429 1456 470 suo-

114 497 211 525 rum
229 484 510 540 hostiumque,
534 487 729 528 Romano
750 485 880 527 milite
896 486 1092 528 cornibus
1114 486 1304 540 firmatis,
1336 487 1454 530 sociis

116 542 161 583 in
183 546 361 585 mediam
384 547 513 586 aciem
536 545 727 600 acceptis.
790 545 1037 595 Hasdrubal,
1070 547 1249 587 clamore
1264 547 1454 600 equitum

117 603 336 648 excitatus,
370 614 417 645 ut
437 619 487 646 ex
509 605 772 646 tabernaculo
795 604 992 658 prosiluit,
1026 606 1336 659 tumultumque
1359 616 1454 647 ante

117 663 271 702 vallum
293 665 333 704 δι’
348 667 410 718 (2)
433 664 748 718 trepidationem
776 662 959 713 suorum,
995 665 1032 705 ἃ
1060 662 1251 718 proculi
1228 664 1336 720 signa
1355 665 1455 720 legi-

116 735 249 761 onum
271 721 487 778 fulgentia,
519 722 741 778 plenosque
757 722 937 762 hostium
955 737 1124 788 campos
1146 722 1264 771 vidit,
1294 723 1455 777 equita-

117 789 210 820 tum
231 795 398 821 omnem
417 781 652 836 extemplo
644 796 685 821 m
707 782 866 836 equites
889 787 913 835 †
933 781 1099 822 emittit.
1125 781 1207 836 ipse
1231 795 1326 823 cum
1341 782 1457 836 pedi·

122 850 212 880 tum
234 841 397 896 agmine
427 840 566 881 castris
587 840 823 897 egreditur:
858 855 933 881 nec
951 854 1000 881 ex
1022 840 1166 881 ordine
1199 839 1317 881 solito
1339 840 1456 896 quic-

118 912 245 953 quam
269 899 354 940 acie
371 899 608 940 instruenda
631 910 775 940 mutat.
839 899 1039 954 Equitum
1074 900 1160 956 jam
1199 899 1270 940 diu
1303 914 1454 955 anceps

117 971 258 1012 pugna
280 969 366 998 erat
385 974 394 999 :
427 973 502 1000 nec
526 958 608 1014 ipsa
632 973 704 1014 per
725 959 762 999 se
781 959 982 1010 ‡decerni
1004 970 1181 1015 poterat,
1213 959 1310 1014 quia
1331 959 1456 1014 pulsis

118 1018 248 1071 (quod
266 1015 392 1072 prope
412 1018 452 1057 in
469 1019 600 1059 vicem
625 1018 765 1073 fiebat)
789 1018 828 1058 in
862 1018 992 1059 aciem
1017 1018 1201 1072 peditum
1219 1028 1334 1059 tutus
1355 1023 1370 1069 11
1393 1032 1457 1059 re-

116 1086 262 1131 ceptus
283 1087 382 1117 erat.
410 1076 476 1117 sed
495 1078 564 1117 ubi
580 1079 666 1134 jam
681 1077 792 1118 haud
814 1079 906 1132 plus
929 1077 1177 1133 quingentos
1199 1077 1331 1132 passus
1348 1078 1455 1119 acies

119 1134 226 1175 inter
258 1135 339 1176 sese
371 1135 554 1186 aberant,
588 1137 698 1193 signo
726 1136 910 1191 receptui
942 1138 1054 1186 dato,
1085 1136 1241 1192 Scipio,
1274 1136 1456 1192 patefac-

118 1193 249 1249 tisque
264 1195 497 1247 ordinibus,
529 1197 760 1250 equitatum
776 1210 942 1236 omnem
957 1197 1172 1250 levemque
1186 1206 1453 1245 armaturam,

117 1252 162 1293 in
183 1254 369 1294 medium
392 1266 603 1310 acceptam
627 1255 878 1310 divisamque
917 1255 956 1294 in
979 1265 1114 1309 partes
1135 1256 1255 1306 duas,
1287 1254 1328 1295 in
1363 1254 1455 1296 sub-

119 1312 228 1353 fidiis
252 1313 340 1368 post
363 1328 516 1355 cornua
539 1315 659 1355 locat.
704 1315 821 1364 Inde,
845 1313 914 1355 ubi
936 1314 1280 1371 incipiendaejam
1303 1329 1454 1370 pugnae

120 1381 284 1427 tempus
302 1383 404 1422 erat,
438 1373 644 1428 Hispanos
659 1376 722 1428 (ea
746 1373 879 1414 media
900 1374 1008 1415 acies
1023 1372 1120 1429 fuit)
1136 1377 1158 1426 ‡
1175 1373 1304 1428 preffo
1322 1373 1454 1430 gradu

119 1430 310 1472 incedere
337 1432 469 1488 jubet.
495 1432 575 1487 ipse
596 1447 618 1473 e
641 1434 786 1473 dextro
807 1447 937 1473 cornu
967 1432 1040 1487 (ibi
1062 1447 1241 1487 namque
1264 1436 1454 1487 praeerat)

116 1491 320 1532 nuncium
344 1491 392 1531 ad
416 1491 602 1531 Silanum
629 1494 667 1534 δι
694 1492 902 1533 Marcium
922 1492 1065 1544 mittit,
1099 1502 1144 1532 ut
1161 1506 1291 1532 cornu
1312 1502 1456 1532 exten-

116 1549 264 1590 derent
281 1552 344 1605 (3)
368 1551 409 1590 iu
433 1551 628 1591 sinistram
642 1563 817 1606 partem,
850 1552 1203 1606 quemadmodum
1222 1551 1259 1592 se
1282 1552 1456 1591 tenden-

119 1618 202 1650 tem
240 1610 292 1650 ad
328 1610 517 1650 dextram
554 1610 766 1651 vidissent:
819 1613 857 1652 &
903 1624 1000 1651 cum
1032 1610 1234 1665 expeditis
1265 1610 1455 1666 peditum

116 1668 391 1723 equitumque
416 1667 529 1724 prius
546 1684 726 1726 pugnam
751 1669 1012 1710 consererent
1044 1683 1140 1711 cum
1163 1668 1294 1717 hoste,
1327 1667 1455 1724 quam

116 1729 234 1768 co'1‘re
257 1728 364 1769 inter
380 1727 417 1768 se
441 1729 585 1770 mediae
602 1729 707 1770 acies
731 1729 898 1784 poss‘ent.
962 1729 1023 1770 Ita
1045 1727 1228 1770 diducstis
1245 1727 1455 1778 cornibus,

115 1800 214 1828 cum
233 1787 358 1828 ternis
374 1788 558 1844 peditum
578 1788 832 1838 cohortibus,
865 1788 1070 1842 ternisque
1084 1787 1272 1843 equitum
1292 1788 1454 1837 turmis,

118 1847 170 1886 ad
191 1845 271 1887 hoc
308 1846 514 1898 velitibus,
549 1848 674 1889 citato
703 1850 836 1904 gradu
868 1848 910 1888 in
939 1847 1098 1888 hostem
1137 1846 1361 1899 ducebant,
1395 1846 1455 1888 se-

119 1905 344 1958 quentibus
367 1909 430 1960 (4)
452 1907 493 1946 in
533 1907 750 1961 obliquum
792 1907 894 1948 aliis.
955 1906 1080 1947 Sinus
1105 1906 1146 1945 in
1179 1905 1317 1946 medio
1351 1917 1454 1956 erat,

120 1967 184 2018 (ς)
222 1964 316 2017 quia
358 1963 520 2020 segnius
554 1966 836 2020 Hispanorum
875 1966 983 2020 signa
1018 1963 1278 2005 incedebant.
1304 1965 1452 2020 &jam

118 2022 392 2063 conflixerant
415 2038 584 2072 cornua,
617 2039 766 2078 quum,
799 2025 910 2079 quod
929 2023 1087 2064 roboris
1103 2023 1143 2062 in
1162 2023 1247 2064 acie
1270 2022 1452 2065 hostium

116 2092 221 2130 erat,
259 2082 377 2123 Poeni
401 2084 580 2123 veterani
608 2083 782 2137 Afrique
818 2083 1003 2124 nondum
1034 2083 1084 2122 ad
1109 2081 1178 2122 teli
1211 2082 1453 2138 conjefium

117 2141 332 2193 venissent,
375 2155 507 2196 neque
546 2141 589 2182 in
629 2157 800 2193 cornua,
847 2152 893 2183 ut
930 2142 1171 2197 adjuvarent
1203 2151 1453 2197 pugnantes,

1226 2200 1452 2243 discurrere

120 2319 211 2361 apud
237 2319 370 2351 Livium
400 2321 557 2361 frequens
580 2320 626 2352 est
647 2320 790 2352 locutio.
819 2320 902 2351 Hor.
918 2319 941 2350 1.
960 2330 991 2351 1.
1011 2321 1072 2362 Ep.
1100 2330 1174 2357 4.v.
1190 2328 1245 2359 15,
1264 2323 1397 2363 pinguem
1412 2320 1453 2353 ω*

119 2369 238 2396 nitidum
255 2368 318 2397 bene
332 2367 434 2397 curati
453 2374 520 2397 ente.
568 2367 646 2397 Inde
663 2367 760 2398 etiam
780 2368 978 2398 transfertur
995 2366 1036 2397 ad
1054 2365 1218 2398 animalia.
1254 2367 1340 2397 Infra
1361 2366 1380 2397 Ι.
1398 2377 1452 2403 44.

118 2422 147 2443 c·
171 2421 225 2449 40.
253 2413 434 2455 Jumentum.
460 2426 571 2445 emtum
593 2416 753 2443 curantium
778 2415 912 2455 elztpsitm.
963 2414 1017 2453 (2)
1035 2410 1112 2445 Vid.
1130 2421 1199 2443 not,
1215 2413 1256 2443 ad
1269 2422 1362 2451 c.51.
1380 2413 1403 2443 Ι.
1422 2422 1452 2451 3.

117 2457 231 2500 supra.
281 2461 337 2497 (3)
355 2459 437 2489 Dedi
472 2469 547 2489 cum
571 2458 742 2490 Crevierio
764 2459 949 2501 insiaistrom
967 2465 1096 2500 partam,
1119 2458 1150 2488 δι
1168 2468 1244 2489 mox
1258 2461 1452 2495 addextravit,

121 2514 184 2544 pro
201 2507 229 2534 in
243 2504 366 2547 stm'strt'
382 2512 481 2546 parte,
507 2505 538 2534 ἃ
556 2517 574 2534 a
593 2505 707 2536 dextrA.
756 2503 951 2535 Lectionern
969 2503 1119 2535 omnium
1137 2503 1287 2535 codicum
1313 2504 1452 2546 scripto-

122 2560 209 2586 rum,
232 2550 466 2591 editorumque
500 2559 662 2586 veterum,
697 2550 879 2581 Rhenanus
911 2558 1033 2581 temere
1050 2557 1248 2581 mutaverat.
1294 2551 1375 2582 Eam
1392 2561 1450 2581 au-

121 2602 186 2633 tem
217 2596 515 2627 Drakenborchius
547 2595 626 2628 mihi
647 2596 790 2633 videtur,
813 2606 1005 2637 quanquam
1030 2606 1097 2631 non
1128 2595 1270 2634 reduxit,
1292 2597 1452 2628 reducere

122 2648 230 2674 tamen
249 2641 393 2675 voluisse.
440 2644 497 2685 (3)
517 2644 562 2679 Ita
582 2651 616 2674 ut
635 2654 702 2675 non
718 2641 812 2684 aequ-'1
839 2644 950 2674 fronte
980 2642 1228 2685 procederetur.
1275 2643 1332 2685 (5)
1362 2644 1449 2683 Lege

1392 2701 1451 2734 qua

1601 141 1683 201 169
