1834 3099
175 168 259 199 102.
678 185 682 189 ‚
915 156 968 197 Τ.
1010 155 1208 200 LIVII

399 271 612 328 oc'Ioginta
649 273 723 313 tria
747 273 873 314 millia
904 275 1069 329 pondo:
1102 274 1210 329 signa
1242 273 1493 328 tabulaeque,
1523 272 1650 329 prope
1687 283 1734 315 ut

399 331 694 387 Syracusarum
717 344 958 374 ornamenta
987 332 1254 387 aequaverint.
1316 332 1398 373 Sed
1417 334 1572 389 majore
1595 333 1735 374 animo

399 390 562 445 generis
594 391 683 446 ejus
718 393 853 446 praedfi
893 392 1086 433 abstinuit
1121 391 1289 444 Fabius,
1321 390 1448 446 quani
1473 393 1733 442 Marcellus;

400 449 471 502 qui
510 450 779 505 interroganti
819 451 973 504 scribae,
1006 452 1106 506 quid
1130 450 1219 491 fieri
1242 450 1362 506 {ignis
1384 453 1447 506 (4)
1485 451 1620 501 vellet,
1654 450 1735 504 (in-

399 508 534 564 gentis
557 510 854 565 magnitudinis
876 511 949 551 Dii
973 511 1080 560 sunt,
1116 510 1187 551 suo
1219 509 1391 564 quisque
1413 509 1557 551 habitu
1580 510 1621 550 in
1644 524 1736 551 mo-.-

399 569 500 607 dum
529 570 803 625 pugnantium
837 569 1022 625 formati)
1050 572 1147 610 Deos
1179 571 1296 609 iratos
1319 569 1542 610 Tarentt'nis
1572 570 1737 624 relinqui

395 626 507 682 juffit
526 631 600 683 (5).
668 629 821 670 Murus
840 629 951 679 inde,
984 629 1054 684 qui
1073 628 1215 669 urbem
1234 628 1283 669 ab
1299 643 1390 670 arce
1408 627 1642 680 dirimebat,
1673 628 1736 668 di-

398 698 517 727 rutus
538 687 593 727 est
615 702 660 728 ac
679 687 891 744 disjectus.
954 688 1071 728 Dum
1095 687 1185 730 hzrc
1207 687 1379 728 Tarenti
1397 698 1594 743 aguntur,
1617 687 1735 728 Han-—

172 770 309 798 (μίμνῃ
400 745 509 786 nibal
543 747 606 794 iis,
641 747 711 800 qui
740 747 984 788 Cauloniam
1016 746 1268 796 obsidebant,
1301 747 1344 786 in
1378 747 1634 788 deditionem
1657 761 1726 789 aeq

168 815 382 855 Hwnibals-
401 806 545 860 ceptis,
579 807 719 846 audita
740 807 1049 862 oppugnatione
1066 806 1254 856 Tarenti,
1285 805 1371 846 dies
1392 805 1615 861 noCtesque
1637 820 1733 846 cur-

167 861 379 936 Σωηρθὲξαζζ·
403 865 472 905 sim
503 866 668 920 agmine
697 869 719 917 ‡
740 865 852 916 aeto,
886 880 1032 920 quum,
1066 865 1263 906 festinans
1284 865 1335 907 ad
1356 879 1479 920 opem
1502 864 1734 914 ferendam,

184 920 224 935 (³771
241 920 275 936 rsa
338 929 342 934 Α

168 955 318 982 uxilium.

399 933 561 977 captam
600 923 744 964 urbem
782 925 980 973 audiss'et3
1013 925 1070 964 Et
1094 925 1275 974 Romani,
1308 924 1456 979 inquit,
1474 927 1594 978 suum
1617 923 1734 965 Han-,-

399 984 559 1023 nibalcm
580 982 730 1023 habent.
754 984 899 1034 ea‘dem,
932 985 1012 1038 qttc‘z'
1032 994 1263 1037 [epm-amus,
1295 992 1380 1024 arte
1402 983 1615 1024 Tarentum
1635 985 1735 1024 ami-

379 1041 520 1097 stmus.
583 1041 650 1081 Ne
673 1051 813 1082 tamen
836 1042 1035 1098 fugientis
1065 1043 1191 1083 modo
1228 1042 1466 1083 convertiffe
1503 1056 1652 1099 agmen
1673 1042 1733 1084 vi-

395 1102 578 1151 deretur,
612 1115 695 1154 quo
728 1100 994 1146 constituerat
1015 1103 1079 1156 (6)
1099 1102 1206 1152 loco,
1239 1102 1422 1156 quinque
1440 1101 1568 1142 millia
1599 1101 1731 1142 ferme

393 1158 444 1200 ab
466 1159 566 1200 urbe
590 1159 724 1214 posuit
747 1160 886 1201 castra.
912 1160 968 1201 ibi
991 1174 1145 1215 paucos
1168 1170 1352 1201 moratus
1375 1160 1476 1211 dies,
1507 1161 1733 1216 Metapon-

393 1228 483 1259 tum
516 1217 595 1260 sese
637 1219 808 1275 recepit.
846 1219 941 1260 inde
983 1221 1089 1261 duos
1113 1219 1430 1274 Metapontinos
1467 1233 1565 1260 cum
1600 1219 1732 1261 literis

394 1277 630 1333 principum
670 1279 761 1334 ejus
803 1278 979 1320 civitatis
1020 1280 1070 1319 ad
1113 1278 1287 1320 Fabium
1321 1279 1554 1325 Tarentum
1586 1278 1732 1331 mittit,

395 1335 520 1377 fidem
559 1336 609 1377 ab
645 1338 810 1379 consule
830 1343 844 1393 Η
868 1348 1126 1393 accepturos,
1159 1338 1364 1393 impunita
1397 1337 1445 1379 iis
1466 1337 1603 1392 priora
1624 1337 1731 1391 fore,

395 1396 420 1437 si
439 1397 736 1451 Metapontum
757 1396 794 1438 ei
817 1411 913 1438 cum
936 1397 1122 1453 praefidio
1139 1397 1298 1446 Punico
1319 1396 1599 1452 prodidissent.
1651 1397 1730 1446 Ea-

395 1455 502 1505 bius,
535 1470 644 1505 vera,
677 1470 772 1511 quae
803 1456 1013 1508 afferrent,
1059 1457 1135 1497 effe
1171 1466 1302 1509 ratuS,
1335 1457 1461 1506 diem,
1494 1457 1575 1511 qua
1597 1456 1732 1498 acces-

390 1514 509 1556 surus
541 1515 639 1556 ess'et
667 1516 986 1570 Metapontum,
1018 1515 1263 1556 constituit:
1295 1514 1511 1570 literasque
1543 1516 1592 1556 ad
1617 1515 1730 1570 prin-

390 1572 503 1628 cipes
539 1573 669 1625 dedit,
702 1572 801 1630 quae'
832 1575 882 1617 ad
906 1574 1185 1616 Hannibalem
1209 1575 1353 1616 delatae
1371 1574 1477 1615 sunt.
1539 1580 1565 1628 †
1586 1575 1732 1622 Enim-

390 1646 488 1672 vero
505 1633 626 1674 laetus
645 1633 825 1675 succeffu
840 1633 1013 1683 fraudis,
1048 1634 1073 1675 fi
1096 1648 1148 1674 ne
1169 1633 1320 1675 Fabius
1350 1634 1519 1689 quidem
1549 1635 1645 1674 dolo
1665 1633 1729 1681 in-

390 1690 526 1732 vietus
556 1691 708 1742 fuiffet,
766 1691 877 1740 haud
920 1693 1064 1748 procul
1113 1693 1361 1748 Metaponto
1396 1693 1558 1734 infidias
1594 1692 1728 1748 ponit,

390 1749 517 1792 Fabio
549 1750 776 1807 auspicanti
811 1752 943 1807 prius,
988 1751 1114 1806 quam
1152 1753 1419 1808 egrederetur
1449 1751 1500 1793 ab
1521 1752 1727 1805 Tarento,

389 1822 481 1851 aves
497 1809 620 1851 semel
643 1821 766 1866 atque
789 1810 941 1861 iterum
962 1825 1048 1862 non
1069 1812 1367 1865 †addixerunt.
1391 1809 1523 1852 hostia
1558 1825 1727 1866 quoque

1623 1869 1726 1916 caesa

387 1996 458 2020 not.
476 1998 506 2026 4.
520 1987 562 2024 ad
581 1998 652 2021 c.1.
670 1987 691 2020 1.
711 1999 762 2021 ιο.
781 1989 893 2032 supra.
941 1990 997 2032 (4)
1011 1991 1140 2032 Nempe
1156 1990 1318 2022 Deorum.
1367 1987 1478 2032 Pergit
1495 1999 1599 2033 porro
1615 1989 1727 2033 obser-

388 2043 468 2065 vare
484 2035 512 2064 1
515 2033 601 2066 ivius
618 2034 687 2067 haec
702 2034 801 2078 ssgna,
824 2035 890 2068 five
907 2037 996 2068 Deos
1022 2035 1224 2067 Tarentinos
1247 2035 1341 2071 fuiffe
1360 2035 1506 2079 ingentis
1521 2035 1726 2079 magnitudi-

390 2080 441 2110 nis
445 2079 541 2117 ‚suis
559 2091 723 2122 quemque
748 2081 939 2125 insignibus,
962 2092 1075 2114 omnes
1103 2083 1185 2113 vero
1204 2081 1237 2113 in
1256 2081 1477 2125 pugnantium
1501 2083 1640 2114 modum
1656 2083 1726 2114 for»

388 2133 506 2158 matos.
554 2126 772 2159 Nihilautem
786 2127 919 2160 interest
936 2128 1048 2160 utrfim
1062 2129 1155 2172 sgnis
1181 2128 1292 2166 tertio,
1314 2139 1357 2159 an
1373 2127 1463 2161 sexto
1487 2128 1562 2160 casu
1580 2127 1725 2170 pofitum

390 2171 575 2204 statuamus.
625 2172 806 2216 Utriusque
822 2174 909 2206 enim
928 2174 1181 2208 constructionis
1198 2173 1348 2217 exempla
1364 2173 1440 2206 sunt
1462 2175 1554 2216 apud
1569 2174 1723 2209 aue‘tores

389 2217 645 2251 clafficos.1ta
658 2218 776 2253 Cicero
793 2231 862 2252 non
887 2220 1018 2252 tantum
1035 2223 1236 2262 quidsaciztis
1253 2222 1302 2251 hoc
1324 2221 1443 2257 homine,
1468 2219 1524 2252 sed
1540 2220 1640 2252 etiam
1656 2222 1737 2263 quid*

378 2266 506 2305 facciatis
522 2265 809 2298 h11ich0m1ned1xit
856 2266 974 2298 Noster
990 2266 1118 2299 infral.
1138 2276 1193 2305 45-
1210 2277 1238 2299 c.
1262 2275 1313 2308 39.
1336 2267 1528 2319 ,Quiddcinde
1541 2273 1602 2297 tam
1619 2269 1720 2310 opimae

384 2313 512 2351 praedae‚
522 2318 582 2341 tam
595 2313 733 2353 opulentae
747 2313 1070 2356 vifioriaespoliisfiet.
1066 2313 1082 2335 Ρ
1106 2312 1218 2344 Aliter
1234 2313 1314 2344 Ter.
1334 2312 1368 2344 in
1389 2312 1455 2344 Ad.
1473 2321 1504 2352 5.
1507 2321 1540 2354 9.
1559 2321 1614 2353 39.
1637 2314 1725 2356 Quid

387 2358 419 2388 Ae
436 2357 634 2399 fratr-estet?
659 2358 715 2397 (5)
733 2357 885 2399 Plerique
913 2358 977 2389 viri
1005 2357 1096 2390 ἀοᾶἰ
1123 2359 1276 2397 credunt,
1287 2360 1392 2402 jubere
1414 2360 1502 2389 aliem·
1527 2368 1634 2399 neque
1661 2357 1721 2390 Li-

387 2401 492 2439 vium,
514 2413 622 2443 neque
640 2403 784 2445 reliquos
800 2403 919 2446 optimi
945 2404 1007 2436 aevi
1031 2405 1208 2446 scriptores
1230 2414 1378 2446 unquam
1403 2402 1536 2442 dixiffe3
1560 2403 1615 2435 sed
1632 2403 1717 2442 loca

387 2447 446 2478 ubi
467 2448 532 2480 haec
547 2449 672 2480 locutio
689 2451 778 2492 apud
796 2461 851 2483 eos
867 2459 1034 2489 occurrat,
1056 2462 1075 2482 a
1103 2449 1247 2482 librariis
1269 2458 1435 2503 *corrupta
1459 2449 1493 2480 δι
1510 2450 1719 2482 emendanda

387 2492 461 2525 effe.
510 2493 576 2526 Hic
595 2503 704 2526 tamen
732 2495 830 2538 piane
859 2495 1015 2535 occurrit,
1039 2499 1268 2539 interroganti]
1245 2497 1348 2539 firiboe
1361 2497 1456 2540 jafft.
1499 2494 1717 2528 Drakenbor-

386 2537 477 2570 chius
494 2539 600 2583 legere
620 2541 690 2573 vult
707 2542 1017 2585 interrogantes-riba.
1069 2542 1124 2584 (6)
1141 2544 1270 2584 Nempe
1287 2552 1417 2585 agmen.
1466 2541 1556 2573 Infra
1573 2541 1594 2572 l.
1615 2551 1672 2581 35.
1690 2552 1718 2574 c.

387 2585 441 2617 28.
470 2598 527 2616 omn
533 2589 589 2616 ium
600 2595 729 2629 pmmum
746 2601 844 2631 agmen
857 2589 952 2629 consta
956 2592 1008 2619 ui!-
1036 2589 1112 2621 Sail.
1143 2587 1177 2619 in
1196 2591 1269 2632 Jug.
1294 2599 1322 2619 c.
1348 2597 1405 2631 49.
1425 2588 1589 2632 paullisper
1619 2599 1718 2632 agmen

382 2633 499 2671 :custin-
503 2636 535 2669 if,
559 2632 614 2663 ubi
642 2633 779 2666 Cottius
792 2635 875 2666 male
892 2636 1018 2679 corylitit.
1064 2636 1113 2666 Ita
1128 2634 1383 2677 constituereſsgna
1397 2633 1495 2678 supra
1518 2633 1542 2666 1.
1568 2642 1601 2680 3⁶.
1616 2645 1646 2710 ¹c.
1664 2642 1717 2673 27.

1630 2703 1635 2710 .
1657 2688 1711 2713 10.
