1834 3099
160 125 239 168 168
887 123 941 168 T.
991 124 1206 169 L1V11

386 242 616 294 invectum,
646 242 818 284 vixdum
849 245 1000 300 proelio
1033 245 1150 295 inito,
1182 243 1408 286 fuderunt:
1441 256 1536 285 eum
1559 242 1723 294 ceteris,

385 302 459 358 qui
480 303 553 344 sub
587 303 707 359 signis
743 313 866 358 atque
903 305 1045 346 ordine
1075 303 1251 360 agminis
1275 304 1529 354 incesserant,
1562 302 1725 360 longior

387 363 430 404 ἃ
448 362 520 403 diu
553 362 744 418 ambigua
768 378 906 419 pugna
928 363 1021 405 fuit.
1055 363 1121 404 sed
1144 377 1274 418 quum
1305 362 1354 403 ab
1377 361 1618 404 stationibus
1639 362 1725 418 pri-

385 422 504 461 mum
524 423 725 476 expeditae
744 421 949 473 cohortes,
982 423 1130 464 deinde
1147 437 1196 463 ex
1219 435 1344 478 opere
1362 421 1532 463 deduffl
1553 422 1722 472 milites,

384 489 510 534 atque
543 496 655 522 arma
678 495 822 536 capere
846 482 938 538 jussi
966 484 1103 537 plures
1125 483 1164 523 &
1187 482 1336 537 integri
1358 480 1464 521 feffis
1495 485 1574 536 (3),
1607 495 1724 537 mag·

384 552 571 594 numque
589 542 676 598 jam
700 555 847 596 agmen
863 552 1114 582 armatorum
1133 541 1315 582 a-castris
1348 540 1389 580 in
1412 541 1607 595 proelium
1628 554 1724 581 rue-

383 608 460 649 ret,
494 609 608 656 terga
649 599 759 640 haud
798 600 921 641 dubie
959 611 1126 641 vertunt
1150 600 1273 641 Poeni
1309 599 1605 654 Numidaeque.
1666 598 1721 640 Et

382 657 522 712 primo
559 659 770 700 turmatim
803 659 982 709 abibant,
1015 660 1116 700 nihil
1139 669 1304 715 propter
1331 673 1526 714 pavorem
1555 658 1723 700 festina-

382 717 590 759 tionemve
621 717 798 759 confufis
830 719 1076 760 ordinibus:
1107 719 1219 768 dein,
1252 718 1469 773 postquam
1499 715 1634 759 acrius
1656 718 1721 758 ul-

381 776 493 819 timis
515 782 540 830 †
562 777 767 818 incidebat
786 778 1019 830 Romanus,
1042 793 1176 833 neque
1200 777 1383 819 sustineri
1402 777 1581 832 impetus
1602 787 1721 832 pote-

380 845 459 888 rat,
510 836 613 876 nihil
641 838 728 893 jam
765 838 960 878 ordinum
992 852 1212 887 memores,
1260 837 1414 892 paffim,
1447 837 1530 892 qua
1565 837 1717 891 cuique

378 894 616 950 proximum
639 896 736 948 fuit,
770 896 812 936 in
835 895 978 952 fugam
997 902 1013 947 Η
1040 897 1325 937 effunduntur.
1387 896 1440 936 Et
1474 910 1716 951 quanquam

377 967 428 994 eo
443 954 593 1009 proelio
610 955 867 1009 aliquantum
893 960 933 999 ὃς
953 956 1156 996 Romanis
1174 955 1285 997 aneti
1307 958 1343 996 Sc
1361 955 1601 1009 †deminuti
1623 954 1718 995 hos-

377 1011 488 1053 tibus
529 1014 656 1054 animi
685 1023 816 1063 erant,
846 1024 984 1055 tamen
1021 1029 1235 1068 nunquam
1274 1015 1430 1068 aliquot
1453 1014 1715 1069 insequentes

375 1072 463 1113 dies
485 1072 535 1114 ab
571 1072 878 1115 excursionibus
919 1073 1108 1128 equitum
1142 1073 1320 1128 levisque
1353 1083 1570 1115 armaturae
1593 1074 1715 1115 cessa-

375 1141 465 1172 tum
487 1131 559 1173 est.

151 1187 331 1254 '7⁸³'th
433 1190 555 1232 XIV.
589 1191 678 1233 Ubi
703 1190 796 1233 satis
826 1201 993 1233 tentatae
1027 1206 1100 1246 per
1120 1190 1210 1233 haec
1231 1191 1333 1232 levia
1356 1191 1581 1233 certamina
1606 1191 1713 1233 vires

146 1247 206 1265 ‘'⁹“
374 1249 484 1300 sunt,
516 1251 627 1305 prior
649 1250 884 1292 Hasdrubal
907 1252 949 1291 in
972 1251 1102 1292 aciem
1125 1251 1265 1306 copias
1298 1251 1468 1292 eduxit:
1501 1251 1649 1292 deinde
1668 1254 1710 1293 &

374 1309 559 1351 Romani
595 1311 830 1365 processere.
857 1310 922 1351 sed
946 1320 1119 1365 utraque
1157 1311 1263 1352 acies
1295 1325 1369 1366 pro
1391 1311 1498 1351 vallo
1519 1309 1629 1351 stetit
1649 1309 1713 1350 in-

373 1368 553 1411 struCta:
587 1373 628 1412 δι
651 1384 781 1424 quum
803 1369 853 1410 ab
876 1369 1032 1411 neutris
1065 1384 1204 1425 pugna
1237 1379 1375 1425 coepta
1396 1369 1506 1419 esset,
1534 1370 1621 1426 jam
1644 1369 1712 1410 die

372 1429 424 1468 ad
440 1428 630 1469 occasum
648 1429 889 1480 inclinante,
922 1445 943 1469 a
957 1429 1092 1470 Poeno
1114 1427 1244 1484 prius,
1278 1429 1426 1470 deinde
1444 1428 1494 1470 ab
1512 1428 1710 1471 Romano

371 1486 414 1528 in
436 1487 564 1529 castra
585 1489 715 1542 copiae
737 1488 936 1530 reduEtae.
998 1488 1094 1529 Hoc
1117 1489 1224 1528 idem
1242 1502 1315 1543 per
1337 1489 1424 1529 dies
1445 1488 1603 1542 aliquot
1624 1487 1711 1529 fac-

372 1555 476 1587 tum.
501 1546 613 1601 prior
647 1547 806 1602 semper
840 1547 998 1588 Poenus
1035 1548 1175 1602 copias
1198 1547 1337 1589 castris
1358 1546 1572 1589 educebat.
1596 1547 1710 1603 prior

370 1603 477 1646 feffis
499 1606 641 1646 stando
666 1607 824 1662 signum
853 1607 1036 1661 receptui
1059 1606 1193 1647 dabat.
1229 1606 1278 1648 ab
1301 1607 1444 1648 neutra
1477 1615 1592 1662 parte
1614 1621 1710 1661 pro-

369 1663 552 1714 cursum,
604 1666 784 1705 telumve
817 1666 994 1715 missurn,
1048 1676 1118 1706 aut
1154 1680 1231 1706 vox
1271 1667 1353 1707 ulla
1387 1676 1490 1707 orta.
1526 1665 1708 1709 mediam

369 1723 501 1764 aciem
533 1723 630 1764 hinc
655 1724 854 1775 Romani,
890 1724 999 1765 illinc
1030 1724 1393 1779 Karthaginienses
1430 1725 1550 1765 mixti
1574 1721 1706 1774 Afris,

368 1795 525 1822 cornua
548 1782 643 1823 socii
666 1782 860 1823 tenebant
879 1799 890 1822 ι
924 1794 1040 1823 erant
1062 1794 1199 1824 autern
1225 1783 1417 1838 utrinque
1435 1782 1610 1837 Hispani
1627 1797 1703 1838 pro

368 1841 577 1882 cornibus.
602 1851 696 1882 ante
718 1841 920 1883 Punicam
943 1843 1071 1884 aciem
1093 1842 1300 1896 elephanti
1325 1842 1584 1884 castellorum
1608 1857 1706 1897 pro-

368 1901 437 1941 cul
459 1900 635 1954 speciem
656 1900 905 1954 praebebant.
968 1902 1061 1954 Jam
1089 1901 1167 1941 hoc
1190 1902 1231 1940 in
1255 1901 1436 1957 utrisque
1465 1900 1606 1942 castris
1625 1902 1705 1942 ser-

367 1959 502 2000 monis
526 1970 627 2008 erat‚
660 1959 729 2009 ita,
765 1971 809 2000 ut
841 1960 1030 2001 instruCti
1069 1960 1276 2011 stetissent,
1309 1970 1577 2017 pugnaturos.
1617 1974 1704 2001 me-

366 2017 453 2059 dias
477 2018 583 2062 acies
607 2018 848 2059 Romanum
872 2019 1152 2074 Poenumque,
1185 2033 1290 2074 quos
1323 2020 1430 2061 inter
1463 2018 1559 2060 belli
1582 2019 1702 2061 causa

364 2077 477 2126 effet,
510 2077 596 2132 pari
631 2078 777 2118 robore
820 2079 1054 2119 animorum
1091 2093 1385 2132 armorumque
1414 2079 1698 2120 concursuros.

364 2135 506 2191 Scipio
531 2135 601 2176 ubi
632 2136 720 2177 haec
742 2137 944 2179 obstinate)
963 2136 1116 2179 credita
1149 2138 1455 2189 animadvertit,
1487 2138 1626 2179 omnia
1648 2138 1700 2178 de

365 2194 564 2237 industria
597 2195 637 2235 in
671 2210 766 2236 eum
804 2197 933 2247 diem,
966 2212 1049 2252 quo
1078 2208 1336 2253 pugnaturus
1372 2207 1478 2249 erat,
1509 2197 1697 2238 mutavit.

365 2253 610 2306 ‡Tefferam
644 2255 798 2310 vesperi
835 2271 907 2310 per
935 2257 1062 2298 castra
1099 2255 1226 2307 dedit,
1261 2267 1305 2297 ut
1327 2266 1421 2297 ante
1450 2257 1586 2297 lucem
1622 2255 1698 2297 viri

364 2313 543 2369 equique
567 2316 630 2370 (1)
653 2314 783 2356 curati
821 2317 860 2357 &
895 2316 1027 2371 pransi
1055 2316 1205 2357 essent:
1248 2325 1426 2358 armatus
1457 2329 1584 2372 eques
1615 2314 1698 2355 sre-

1575 2385 1694 2415 natos

364 2497 417 2522 tus
438 2491 562 2523 fuerat·
614 2494 703 2524 Cave
720 2491 775 2524 hic
792 2492 898 2525 sumas
915 2493 951 2524 eb
968 2496 1096 2534 primum
1123 2503 1186 2536 pro
1201 2491 1371 2525 adverbio.
1418 2493 1475 2535 (3)
1491 2493 1694 2535 Pluresfeffis.

363 2535 477 2577 supple
495 2546 629 2570 ruerent
647 2538 681 2570 in
700 2539 863 2580 praelium.
910 2538 979 2570 Alii
1007 2546 1117 2575 autem
1142 2538 1212 2580 post
1224 2540 1307 2582 feffis
1325 2538 1472 2570 inserunt
1486 2539 1631 2579 fiaebirent,
1654 2546 1693 2573 ut

362 2580 636 2626 fitsnhirentfiffis3
660 2586 751 2626 quod
771 2586 801 2616 ὅ(
815 2584 956 2621 mallem,
980 2584 998 2614 fi
1014 2585 1143 2617 codices
1160 2585 1355 2627 integriores
1372 2584 1577 2617 accederent.

408 2629 448 2660 C.
465 2637 514 2668 14.
539 2630 596 2671 (1)
609 2634 721 2662 (jurare
737 2631 877 2663 verbum
894 2631 937 2663 cst
955 2629 1071 2663 mensa:
1087 2631 1120 2663 ἃ
1138 2630 1298 2664 convivii.
1348 2629 1437 2663 Hinc
1453 2637 1574 2674 corporo
1589 2643 1692 2662 curare

999 2692 1003 2693 ⁷
1596 2677 1689 2722 apud
