1834 3099
221 205 298 243 180

926 193 1252 239 '11le11

445 315 553 359 entia
577 317 786 365 scelerum,
819 315 913 370 quia
929 329 1001 355 nee
1019 314 1172 355 deditio
1195 323 1279 353 tuta
1299 314 1348 351 ad
1370 321 1449 350 tarn
1467 309 1632 350 infestos
1654 309 1764 350 vide-

446 376 580 425 batur,
612 389 686 416 nec
721 374 808 428 spes
842 373 1048 414 moenibus
1071 382 1140 412 aut
1175 370 1300 410 armis
1323 369 1484 410 tuendae
1506 368 1643 409 salutis
1664 378 1765 416 erat,

449 434 607 475 facinus
626 434 666 473 in
690 433 726 473 se
746 447 790 473 ac
806 432 896 473 suos
919 432 1078 472 foedum
1096 446 1138 470 uc
1163 429 1294 469 serum
1313 434 1337 479 †
1356 426 1622 468 consciscunt.
1684 427 1767 467 Lo·

450 507 545 534 cum
568 493 610 532 in
632 491 722 532 foro
757 490 971 539 destinant,
1005 505 1086 543 quo
1123 486 1394 542 pretiofiffima
1430 499 1565 526 rerum
1603 485 1766 526 suarum

339 552 391 567 ''¹‘'
452 560 730 606 congererent.
768 549 887 604 super
926 563 1020 588 eum
1056 543 1267 587 cumulum
1305 546 1500 600 conjuges
1542 559 1588 584 ac
1621 543 1768 585 liberos

452 610 654 651 confidere
674 623 802 662 quum
820 606 1026 662 juffiss'ent,
1046 607 1150 660 ligna
1175 606 1280 644 circa
1302 603 1532 649 exstruunt,
1563 601 1769 656 fascesque

452 668 724 721 virgultorum
767 666 1005 721 conjiciunt.
1081 662 1393 722 Qinqnaginta
1423 661 1570 701 deinde
1603 661 1769 702 armatis

450 726 669 781 juvenibus
707 724 964 779 praecipiunt‚
1016 732 1070 772 ul,
1103 724 1210 762 {lance
1248 723 1409 760 incertus
1445 729 1600 759 eventus
1635 723 1770 773 ptignae

454 786 546 841 fft,
572 783 779 839 prtffidium
801 799 836 822 eo
854 784 922 822 loco
933 784 1180 834 fot-lunarum
1191 781 1356 836 sicarum
1377 793 1652 834 corpermnque‚
1693 795 1771 833 quae

456 845 601 883 cariora
626 842 801 898 jbrtum's
835 842 955 896 qffl’m‘,
975 841 1195 895 servarent.
1260 838 1301 877 Si
1320 853 1396 876 rem
1426 837 1644 876 inclinatam
1667 838 1771 878 vide·
1802 852 1810 858 ⁴

458 910 555 949 rent,
586 909 696 953 alque
717 901 756 938 in
778 915 813 938 eo
820 901 911 953 jam
931 900 1007 954 esth,
1041 907 1080 937 ut
1103 899 1194 937 urbs
1219 904 1416 951 caperelztr
1435 918 1446 940 ,·
1474 896 1613 946 spirent
1632 912 1769 946 omnes,

457 974 544 1014 quos
565 967 690 997 euntes
724 959 764 997 in
778 957 954 1010 proelium
975 965 1180 1006 cernerent,
1213 958 1274 1009 (2)
1293 963 1441 994 mortem
1465 956 1504 993 in
1533 955 1613 1010 ipsa*
1628 957 1770 1010 pugna?

457 1018 626 1056 obituros.
690 1016 776 1055 Illos
783 1015 832 1072 se
854 1030 931 1069 per
956 1017 974 1054 l
997 1030 1050 1053 ms
1071 1015 1228 1069 fizperos
1249 1014 1450 1068 itfi‘rosque
1469 1028 1589 1061 orare,
1623 1021 1664 1052 ut
1694 1029 1768 1053 me·

459 1090 574 1116 mores
595 1075 794 1122 libertatis,
826 1089 903 1127 quae
924 1073 984 1111 illo
1003 1073 1061 1111 die
1084 1081 1152 1110 aut
1172 1084 1286 1111 morte
1305 1071 1472 1127 homssd,
1503 1072 1772 1126 autfirvitute

395 1164 408 1178 .,
459 1131 782 1190 ilgfamifinienda
802 1131 894 1187 effit,
928 1130 1025 1170 nihil
1042 1130 1306 1184 relinquerent,
1334 1131 1373 1168 in
1393 1129 1626 1184 quadslevire
1645 1131 1774 1172 iratus

457 1191 562 1246 hqstis
587 1191 707 1246 pfft.
770 1190 935 1230 Ferrum
955 1191 1146 1243 ignemque
1166 1191 1205 1227 in
1227 1188 1397 1228 manibus
1428 1187 1502 1243 effi.
1565 1189 1709 1229 Amicae
1727 1207 1771 1230 ac

443 1250 578 1304 fideles
590 1249 716 1303 potins
734 1265 794 1300 ea,
825 1264 903 1302 quae
906 1248 1082 1300 peritura
1092 1247 1210 1302 cjffiwt,
1240 1246 1466 1302 olfatum-ent
1483 1262 1632 1298 manns,
1654 1248 1768 1302 qubm

456 1308 850 1363 itffultarentfizperbo
868 1307 1025 1346 ludibrio
1044 1305 1164 1361 hffles.
1229 1305 1306 1345 His
1328 1304 1679 1346 adhortationibus
1699 1320 1772 1348 ex-

456 1367 624 1407 secratio
644 1366 732 1406 dira
753 1365 928 1420 adje&a‚
961 1365 984 1403 fi
1016 1378 1136 1418 quern
1162 1378 1183 1403 a
1205 1363 1408 1417 propofito
1442 1362 1528 1417 spes
1552 1364 1771 1406 mollitiave

456 1425 582 1464 animi
598 1424 774 1465 flexisset.
795 1424 888 1464 inde
911 1423 1115 1464 concitato
1136 1422 1296 1477 agmine
1312 1421 1544 1475 patentibus
1565 1423 1693 1476 portis
1710 1425 1770 1464 in-

454 1483 567 1537 genti
599 1483 780 1523 tumultu
814 1491 1048 1535 erumpunt.
1111 1480 1260 1533 Neque
1295 1490 1381 1520 erat
1419 1481 1499 1520 ulla
1537 1479 1629 1522 satis
1653 1481 1771 1523 firma

455 1541 572 1581 statio
592 1541 803 1595 oppofita3
837 1539 931 1593 quia
969 1538 1069 1578 nihil
1098 1538 1251 1587 minus,
1283 1536 1406 1592 quam
1431 1548 1476 1578 ut
1506 1540 1645 1594 egredi
1667 1555 1773 1582 moe-

455 1599 575 1640 nibus
597 1601 808 1646 auderent,
823 1598 956 1637 timeri
980 1607 1149 1651 poterat.
1164 1611 1378 1651 perpaucae
1398 1597 1584 1650 equitum
1607 1609 1771 1652 turmae,

455 1657 632 1711 levisque
666 1667 870 1699 armatura
908 1654 1072 1709 repente
1094 1669 1116 1694 e
1148 1654 1285 1696 castris
1322 1656 1371 1696 ad
1409 1656 1448 1695 id
1482 1656 1612 1710 ipsum
1635 1659 1773 1701 emifl'a

454 1715 646 1756 occurrit.
709 1714 857 1755 Acrior
896 1714 1052 1768 impetu
1092 1724 1213 1767 atque
1235 1714 1394 1758 animis,
1424 1713 1550 1768 quam
1573 1719 1772 1772 compost-

454 1774 533 1813 tior
555 1775 638 1814 ullo
671 1773 828 1821 ordine,
861 1786 997 1826 pugna
1020 1771 1112 1811 fuit.
1173 1772 1317 1826 Itaque
1353 1775 1494 1827 pulsus
1527 1788 1668 1828 eques,
1701 1779 1772 1831 qui
1823 1805 1831 1808 -

453 1832 609 1886 primus
630 1831 734 1871 hosti
758 1831 794 1870 se
811 1830 1027 1879 obtulerat,
1061 1840 1256 1870 terrorem
1280 1831 1416 1871 intulit
1437 1832 1514 1872 levi
1537 1845 1767 1879 armaturae.

453 1900 766 1945 pugnatumque
799 1888 871 1928 sub
909 1888 993 1942 ipso
1029 1889 1134 1928 vallo
1173 1889 1294 1936 foret,
1327 1889 1370 1928 ni
1401 1890 1524 1932 robur
1545 1892 1772 1947 legionum,
1827 1924 1834 1936 -.

454 1949 679 2004 perexiguo
714 1948 763 1987 ad
786 1946 1066 1987 instruendum
1091 1947 1185 1986 dato
1215 1957 1413 2001 tempore,
1443 1950 1569 1990 aciem
1597 1956 1612 2001 ΙΙ
1639 1953 1774 1995 direx„
1827 1967 1831 1986 s

455 2007 553 2046 iffet.
613 2005 674 2046 Ibi
695 2019 860 2059 quoque
896 2005 1143 2059 trepidatum
1176 2020 1396 2060 parumper
1425 2007 1533 2048 circa
1555 2009 1663 2065 figna
1698 2015 1771 2065 est,
1829 2002 1834 2043 ’Ξ

454 2079 584 2118 quum
605 2064 704 2105 caeci
726 2062 862 2104 furore
886 2064 926 2104 in
949 2064 1115 2104 vulnera
1137 2078 1182 2103 ac
1212 2063 1368 2104 ferrum
1403 2067 1566 2107 vecordi
1604 2069 1772 2114 audacia
1830 2092 1834 2096 ·

455 2132 633 2163 ruerent.
670 2122 764 2162 dein
796 2133 912 2162 vetus
944 2122 1073 2165 miles.
1106 2123 1301 2162 adversus
1336 2126 1571 2166 temerarios
1592 2127 1769 2183 impetus
1826 2154 1831 2163 ·

454 2181 656 2235 pertinaX‚
688 2181 798 2221 caede
821 2180 1045 2234 primorum
1069 2179 1325 2234 insequentes
1347 2181 1568 2236 suppreffit.
1597 2200 1768 2232 conatus

453 2240 589 2293 paullo
606 2236 696 2293 pbst
719 2239 826 2278 ultro
847 2238 996 2278 inferre
1013 2239 1172 2291 pedem,
1206 2248 1251 2278 ut
1272 2240 1478 2282 neminem
1514 2245 1673 2296 cedere,
1709 2259 1769 2288 at-

453 2311 533 2351 que
550 2297 773 2337 obstinatos
794 2297 898 2336 mori
927 2297 968 2336 in
990 2295 1157 2351 vestigio
1182 2310 1388 2351 quemque
1404 2299 1475 2340 suo
1498 2300 1622 2350 vidit;
1655 2315 1768 2359 pate-

453 2355 563 2395 faeta
598 2355 683 2396 acie
703 2356 832 2409 (quod
856 2364 900 2394 ut
921 2354 1057 2396 facere
1084 2354 1226 2408 posset,
1256 2357 1478 2398 multitudo
1514 2370 1765 2406 armatorum

452 2411 570 2454 facile
592 2412 889 2468 suppeditabat)
906 2427 1059 2453 cornua
1075 2412 1251 2453 hostium
1271 2416 1499 2470 amplexus,
1531 2417 1572 2457 in
1587 2422 1765 2471 †orbem

451 2481 679 2528 pugnantes
700 2472 750 2512 ad
771 2485 900 2512 unum
920 2485 1062 2512 omnes
1078 2471 1242 2513 occidit.

451 2586 532 2629 qubm
547 2589 614 2619 belli
627 2590 784 2632 necfftates
806 2603 856 2620 non
873 2589 1027 2633 exspeHent
1040 2591 1160 2622 bumana
1174 2591 1294 2633 coffilia.
1342 2590 1398 2634 (2)
1414 2590 1464 2623 Sic
1481 2593 1558 2625 Ter.
1574 2596 1608 2628 in
1626 2598 1760 2631 phorm·
1815 2594 1817 2599 ·

455 2641 483 2671 5.
496 2642 528 2673 9.
545 2643 596 2673 30.
620 2635 668 2665 Ea
680 2641 791 2666 mortem
803 2637 879 2667 abiit.

1443 2680 1599 2725 XXIII.
1629 2691 1760 2744 Atque
