1834 3099
305 177 557 220 LIBER
607 178 746 220 XXX.
791 179 955 221 CAP.
1010 179 1212 221 XXVIII.

115 296 165 336 iis
201 295 422 347 videretur,
455 299 655 352 populum
677 307 883 352 rogarent,
916 311 1039 352 quem
1076 298 1197 338 vellet
1233 297 1275 337 in
1299 296 1439 338 Africa

107 354 267 395 bellum
289 369 444 409 gerere.
507 357 666 397 Omnes
700 356 829 396 tribus
867 356 914 397 P.
949 356 1188 410 Scipionem
1224 356 1438 412 jufferunt.

115 412 398 455 Nihilominus
432 418 492 470 (ι)
515 415 700 455 consules
732 415 986 468 provinciam
1016 414 1200 456 Africam
1235 415 1308 469 (ita
1328 415 1441 455 enim

113 470 275 512 senatus
309 473 559 528 decreverat)
597 474 639 513 in
661 473 809 513 sortem
831 474 1110 529 conjecerunt.
1173 472 1243 514 Ti.
1265 473 1440 514 Claudio

113 529 258 570 Africa
294 532 448 583 evenit,
482 542 526 572 ut
555 531 852 586 quinquaginta
886 532 1054 573 navium
1089 532 1265 583 classem,
1295 546 1440 573 omnes

113 588 448 643 quinqueremes,
493 591 534 630 in
571 589 758 631 Africam
801 591 1025 646 trajiceret,
1056 591 1228 644 parique
1268 589 1442 646 imperio

112 659 209 688 cum
245 648 439 702 Scipione
474 650 696 703 imperator
731 648 839 689 esset.
902 650 964 689 M.
1000 649 1196 690 Servilius
1232 649 1442 690 Etruriam

113 706 292 749 sortitus.
333 707 375 746 in
411 708 554 747 eadem
588 707 798 761 provincia
834 710 873 748 &
908 707 958 747 C.
980 707 1152 747 Servilio
1175 719 1442 763 prorogatum

111 765 349 820 imperium,
382 766 407 805 fi
431 766 640 806 consulem
662 779 827 806 manere
850 767 901 806 ad
936 765 1081 806 urbem
1117 765 1275 806 senatui
1302 767 1444 820 placu-

110 823 211 865 iffet.
275 825 488 873 Praetores,
537 826 602 865 M.
645 824 811 865 Sextius
854 824 1037 868 Galliam
1074 824 1132 864 est
1165 824 1346 873 sortitus,
1396 836 1442 865 ut

112 883 214 923 duas
251 883 431 937 legiones
466 882 804 937 provinciamque
835 884 1013 923 traderet
1045 882 1083 923 ei
1105 884 1150 924 P.
1185 883 1443 938 Quinctilius

112 941 278 990 Varus3
311 941 360 982 C.
393 941 535 982 Livius
558 942 743 982 Bruttios
765 956 861 983 cum
882 941 1041 982 duabus
1074 941 1320 997 legionibus,
1352 942 1445 997 qui-

111 999 188 1040 bus
231 1001 275 1040 P.
315 1001 581 1054 Sempronius
618 1001 836 1055 proconsul
869 1000 1004 1055 priore
1046 1015 1154 1041 anno
1191 1000 1442 1055 praefuerat3

114 1058 194 1099 Cn.
227 1058 477 1100 Tremellius
513 1059 715 1109 Siciliam,
747 1069 794 1100 ut
823 1059 873 1100 ab
907 1059 955 1101 P.
977 1058 1107 1099 Villio
1127 1059 1320 1114 Tappulo
1340 1075 1445 1115 prze—

113 1126 202 1157 tore
225 1117 372 1171 prioris
408 1118 504 1157 anni
526 1119 779 1172 provinciam
811 1121 849 1160 ὃς
874 1120 975 1158 duas
998 1118 1179 1174 legiones
1211 1119 1442 1173 acciperet3

110 1176 264 1216 Villius
297 1187 525 1230 propraetor
546 1177 690 1231 viginti
723 1177 892 1218 navibus
915 1178 1063 1232 longis,
1096 1177 1294 1218 militibus
1316 1178 1443 1228 mille,

111 1249 226 1275 oram
250 1235 398 1276 Siciliae
428 1246 658 1276 tutaretur:
691 1237 786 1276 inde
808 1237 871 1277 M.
894 1236 1149 1290 Pomponius
1167 1235 1313 1292 viginti
1331 1236 1445 1277 navi-

110 1293 187 1334 bus
217 1294 384 1348 reliquis
419 1296 528 1335 mille
555 1298 595 1336 &
633 1296 880 1351 quingentos
918 1295 1068 1336 milites
1091 1295 1272 1335 Romam
1294 1297 1445 1350 depor-

112 1363 230 1394 taret.
293 1353 341 1393 C.
381 1354 554 1394 Aurelio
579 1354 716 1396 Cottae
749 1354 902 1394 urbana
939 1353 1088 1394 evenit.
1112 1354 1274 1404 ceteris,
1307 1354 1362 1394 ita
1386 1356 1445 1395 uti

112 1410 284 1465 quisque
326 1411 838 1468 obtinebantprovincias
879 1412 1179 1466 exercitusque,
1227 1425 1446 1469 prorogata

108 1470 290 1524 imperia.
356 1470 572 1512 Sexdecim
603 1486 686 1511 non
717 1469 894 1526 amplius
915 1485 964 1511 eo
987 1486 1096 1512 anno
1118 1471 1350 1526 legionibus
1373 1474 1443 1513 de—

108 1528 271 1569 fensum
294 1529 510 1584 imperium
530 1530 599 1570 est.
665 1531 714 1570 Et
732 1541 776 1570 ut
798 1531 965 1586 placatis
990 1531 1082 1573 Diis
1113 1530 1253 1570 omnia
1287 1531 1442 1586 incipe-

112 1598 204 1627 rent
219 1600 484 1643 agerentque,
520 1592 579 1643 (2)
610 1590 744 1637 ludos,
777 1604 897 1643 quos,
933 1590 997 1628 M.
1022 1589 1197 1629 Claudio
1223 1590 1439 1641 Marcello,

109 1646 164 1686 T.
203 1646 408 1704 Qinotio
440 1647 689 1697 consulibus,
720 1647 773 1688 Τ.
811 1648 998 1688 Manlius
1034 1647 1227 1700 didiator,
1259 1649 1440 1703 quasque

108 1704 260 1746 hostias
290 1707 464 1761 majores
497 1717 676 1757 voverat,
709 1707 735 1746 si
758 1721 830 1761 per
863 1706 1195 1760 quinquennium
1231 1707 1332 1747 illud
1361 1709 1440 1749 res-

111 1763 274 1818 publica
310 1768 455 1805 eodem
494 1765 600 1805 statu
635 1765 783 1814 fuiffet,
817 1768 880 1819 (3)
902 1776 946 1805 ut
980 1779 1050 1806 eos
1083 1767 1201 1806 ludos
1239 1766 1440 1817 consules,

109 1823 346 1877 priusquam
387 1824 437 1864 ad
476 1823 629 1864 bellum
667 1824 1039 1878 proficiscerentur,
1071 1824 1266 1864 facerent.
1329 1825 1439 1866 Ludi

111 1882 154 1922 in
177 1883 286 1924 circo
323 1897 394 1937 per
423 1884 689 1936 quatriduum
730 1882 859 1923 fa<ffiz
891 1883 1129 1935 hostiaeque‚
1163 1883 1313 1937 quibus
1334 1894 1440 1926 votae

110 1952 227 1980 erant
244 1941 356 1991 Diis,
387 1941 511 1983 caesae.
1043 1988 1046 1990 ,

173 1999 375 2039 XXVIII.
409 2001 520 2039 lnter
555 2000 643 2040 haec
686 2000 802 2040 fimul
839 1999 942 2055 spes,
990 2000 1106 2039 fimul
1141 2014 1239 2040 cura
1275 2001 1318 2041 in
1354 2002 1440 2043 dies

112 2057 343 2099 crescebat:
375 2072 450 2099 nec
472 2058 564 2100 satis
595 2069 753 2099 certum
776 2059 959 2099 constare
982 2060 1089 2113 apud
1119 2060 1302 2100 animum
1325 2071 1441 2115 pote-

113 2127 191 2166 rat,
223 2114 364 2156 utrum
388 2117 537 2172 gaudio
570 2117 742 2173 dignum
764 2118 874 2167 effet,
906 2117 1200 2169 Hannibalern,
1233 2119 1321 2173 post
1352 2119 1441 2160 sex-

113 2176 415 2215 tumdecimum
439 2189 591 2216 annum
625 2190 674 2216 ex
696 2176 812 2216 Italia
833 2177 1117 2228 decedentem,
1151 2191 1320 2217 vacuam
1349 2178 1440 2233 pos-

112 2234 323 2275 sessionem
354 2235 443 2290 ejus
477 2235 676 2289 reliquiffe
713 2235 866 2289 populo
888 2235 1097 2287 Romano,
1129 2250 1180 2275 an
1203 2235 1332 2292 magis
1352 2251 1440 2278 me-

161 2372 199 2403 C.
218 2380 268 2410 27.
289 2371 346 2412 (1)
369 2371 535 2404 Nimirum
563 2371 814 2414 intelligendum
842 2371 887 2404 est
919 2372 1079 2411 senatum,
1116 2371 1310 2404 instantibus
1343 2373 1441 2405 etiam

116 2416 187 2459 post
201 2417 362 2458 judicium
377 2418 492 2459 populi
505 2418 702 2456 consulibus,
726 2418 789 2450 hoc
807 2426 1070 2460 temperamento
1086 2418 1133 2449 uti
1146 2419 1279 2449 tandem
1289 2420 1444 2451 coactum

116 2462 190 2499 effe,
215 2470 250 2493 ut
267 2462 369 2493 classis
386 2464 473 2494 certe
490 2463 524 2494 in
545 2463 692 2494 Africam
725 2463 929 2506 trajicienda,
952 2465 985 2495 δε
1014 2475 1075 2506 par
1107 2475 1181 2495 cum
1207 2464 1359 2506 Scipione
1382 2464 1444 2496 im-

118 2508 249 2549 perium
265 2508 416 2539 alterutri
436 2519 454 2540 e
470 2509 658 2540 consulibus
684 2510 929 2543 decerneretur.
981 2511 1038 2553 (2)
1051 2509 1128 2544 Vid.
1153 2516 1221 2542 not.
1239 2520 1273 2550 3.
1305 2511 1347 2542 ad
1363 2521 1392 2544 e.
1414 2520 1445 2544 2.

116 2553 223 2595 supr}-
270 2554 326 2598 (3)
339 2554 462 2596 Supple
477 2557 697 2596 decretumfuit.

1225 2637 1442 2691 tuendum,

1581 197 1662 239 303

1460 339 1639 371 Provinciae.

1461 1510 1595 1552 Legiones
1609 1507 1659 1541 16.
