1840 3094
472 201 700 244 LIBER
741 200 860 243 XXI.
903 201 1060 245 CAP.
1102 201 1218 245 LIX.

191 319 231 360 in
260 318 344 374 ipsa
365 333 454 373 ora,
487 319 640 376 primo,
670 320 766 375 quia
787 330 857 361 aut
890 334 1003 361 arma
1023 321 1251 361 omittenda
1274 330 1406 371 erant,
1442 328 1514 362 aut

187 381 252 434 (3)
283 381 425 420 contra
456 380 658 421 enitentes
679 380 834 420 vortice
867 379 1009 420 intorti
1031 380 1328 435 affligebantur,
1363 381 1514 422 consti-2

188 449 302 478 tere:
352 439 464 490 dein,
497 453 627 492 quum
668 440 755 495 jam
803 439 990 494 spiritum
1033 439 1262 478 includeret
1291 443 1371 494 (4),
1435 454 1511 480 nec

187 497 441 550 reciprocare
479 499 659 538 animam
691 499 851 549 smeret,
902 498 1023 537 aversi
1066 513 1087 536 a
1125 510 1248 537 vento
1289 513 1513 552 parumper

186 555 420 596 consedere.
480 557 595 597 Tum
615 571 713 597 vero
745 557 902 612 ingenti
925 556 1025 597 sono
1054 557 1208 597 coelum
1241 556 1433 611 strepere,
1469 560 1508 596 δε

187 613 295 654 inter
315 614 542 656 horrendos
573 615 757 671 fragores
789 617 939 656 micare
972 617 1099 671 ignes.
1136 616 1244 669 capti
1266 616 1433 656 auribus
1469 618 1508 655 δε

185 672 319 714 oculis
359 685 472 714 metu
512 688 656 715 omnes
694 685 867 728 torpere.
947 675 1157 725 Tandem,
1203 674 1331 715 effuso
1364 675 1510 722 imbre,

186 746 319 785 quum
340 747 390 773 eo
407 733 538 788 magis
556 733 722 775 accensa
744 734 804 774 vis
833 734 945 774 venti
966 734 1076 784 esset,
1108 733 1194 787 ipso
1215 734 1302 785 illo,
1326 747 1409 787 quo
1441 736 1512 772 de-

186 790 372 844 prehensi
409 801 540 843 erant,
587 794 679 833 loco
722 792 850 834 castra
888 807 1040 848 ponere
1077 792 1342 832 neceffirium
1379 791 1511 832 visum

185 849 257 889 est.
335 850 383 890 Id
404 865 501 891 vero
529 851 677 892 laboris
700 853 812 892 velut
834 853 883 892 de
907 853 1067 908 integro
1099 852 1263 892 initium
1285 851 1376 891 fuit.
1414 865 1513 890 nam

185 922 262 948 nec
292 909 496 963 explicare
514 912 753 965 quicquam,
787 925 862 951 nec
884 911 1136 966 statuere(5)
1157 922 1375 966 poterant:
1419 924 1512 959 nec,

183 968 297 1022 quod
315 967 514 1009 statutum
541 971 651 1020 esset,
683 970 890 1019 manebat,
922 970 1060 1010 omnia
1082 970 1367 1025 perscindente
1388 980 1513 1011 vento

185 1029 230 1069 ὅτ
249 1026 447 1081 rapiente.
485 1030 524 1069 &
549 1043 645 1069 mox
678 1031 740 1085 (6)
771 1044 876 1084 aqua
911 1030 1042 1070 levata
1065 1039 1202 1079 vento,
1236 1044 1366 1083 quum
1392 1027 1514 1083 super

183 1086 318 1141 gelida
371 1087 578 1128 montium
620 1088 722 1144 juga
764 1098 955 1129 concreta
992 1089 1101 1138 esset,
1148 1097 1310 1129 tantum
1361 1087 1514 1127 nivosae:

183 1144 396 1199 grandinis
438 1147 602 1202 dejecit,
640 1157 701 1198 ut,
745 1147 940 1188 omnibus
976 1147 1143 1197 omiffis,
1190 1146 1512 1202 procumberent

183 1203 391 1254 homines,
423 1205 676 1261 tegminibus
695 1206 774 1246 suis
797 1206 927 1261 magis
950 1206 1102 1256 obruti,
1136 1208 1261 1261 quam
1283 1206 1398 1246 tecti.
1421 1215 1513 1245 tan-

184 1272 309 1317 taque
329 1263 390 1304 vis
412 1263 577 1318 frigoris
598 1264 781 1305 insecuta
803 1265 879 1314 est,
913 1275 972 1314 ut,
1020 1279 1069 1305 ex
1093 1266 1161 1305 illa
1186 1264 1404 1305 miserabili
1436 1263 1512 1304 ho-

184 1322 348 1362 minum
374 1323 747 1378 jumentorumque
770 1329 804 1374 -ῑ-
822 1323 953 1379 strage
976 1338 1106 1378 quum
1128 1323 1166 1364 se
1203 1323 1373 1378 quisque
1391 1324 1514 1363 attol-

183 1382 268 1421 lere
302 1395 348 1422 ac
390 1382 524 1422 levare
560 1383 697 1430 vellet,
743 1382 814 1422 diu
847 1383 1052 1435 nequiret,
1097 1383 1207 1436 quia,
1251 1381 1513 1436 torpentibus

181 1440 318 1495 rigore
360 1440 510 1490 nervis,
557 1441 625 1480 xix
658 1441 825 1481 flectere
863 1452 975 1483 artus
1015 1450 1218 1496 poterant,
1265 1441 1429 1491 deinde,
1461 1451 1513 1481 ut

182 1500 351 1540 tandem
385 1499 579 1554 agitando
622 1499 702 1540 sese
737 1500 901 1540 movere
940 1514 986 1541 ac
1023 1515 1214 1555 recepere
1257 1500 1433 1550 animos,
1468 1503 1509 1542 δι

181 1559 284 1599 raris
316 1559 417 1599 locis
450 1558 555 1614 ignis
578 1557 668 1599 fieri
700 1558 757 1598 cst
787 1568 965 1614 coeptus,
997 1560 1047 1599 ad
1079 1561 1143 1614 (7)
1175 1558 1351 1600 alienam
1388 1573 1512 1613 opem

181 1618 355 1672 quisque
390 1618 509 1672 inops
539 1618 722 1658 tendere.
785 1617 968 1658 Biduum
1000 1632 1049 1658 eo
1082 1619 1192 1670 loco,
1223 1619 1336 1659 velut
1355 1616 1511 1667 obsessi,

181 1677 382 1718 mansere.
444 1677 565 1717 multi
612 1676 819 1724 homines,
872 1677 1003 1716 multa
1050 1677 1256 1732 jumenta,
1302 1677 1512 1731 elephanti

181 1750 350 1791 quoque
370 1751 420 1778 ex
435 1735 516 1787 his,
535 1736 606 1790 qui
628 1736 776 1790 proelio
799 1736 849 1776 ad
862 1735 1060 1776 Trebiam
1078 1735 1191 1778 saffiro
1209 1735 1513 1791 superfuerant,

184 1792 340 1851 septem
363 1795 581 1849 absumpti.

242 1854 358 1896 LIX.
392 1854 614 1909 Degreffus
651 1853 876 1908 Apennino
901 1863 1011 1896 retro
1034 1855 1085 1894 ad
1105 1854 1362 1896 Placentiam
1383 1854 1512 1896 castra
1532 1853 1719 1897 Ramista

183 1915 333 1965 movit‚'
367 1916 408 1955 &
441 1913 491 1953 ad
525 1914 669 1954 decem
703 1913 830 1953 millia
866 1914 1093 1969 progrefl'us
1115 1914 1311 1955 consedit.
1350 1914 1512 1969 postero

183 1975 250 2015 die
284 1973 505 2014 duodecim
543 1972 670 2012 millia
699 1973 902 2026 peditum,
935 1973 1119 2027 quinque
1149 1974 1337 2027 equitum
1370 1974 1512 2014 adver-

183 2034 254 2074 sus
279 2032 440 2073 hostem
471 2030 599 2071 ducit.
680 2031 771 2071 Nec
793 2031 1066 2085 Sempronius
1087 2032 1229 2072 consul
1263 2033 1366 2089 (jam
1399 2032 1511 2072 enim
1536 2035 1642 2076 Pugna
1658 2035 1736 2064 mter

185 2091 362 2133 redierat
390 2089 440 2131 ab
474 2090 632 2145 Roma)
663 2089 909 2130 detreeoevit
945 2100 1184 2131 certamen:
1214 2101 1337 2145 atque
1359 2105 1409 2132 eo
1447 2091 1511 2131 die

184 2268 366 2314 pestatibus
382 2267 600 2310 usurpantur.
657 2268 744 2300 infra
769 2268 791 2300 l.
812 2278 867 2308 23.
897 2279 925 2300 e.
955 2279 1010 2309 34.
1037 2268 1056 2299 l.
1084 2278 1137 2309 25.
1159 2280 1190 2302 c.
1221 2278 1251 2310 7.
1278 2269 1302 2301 l.
1328 2280 1384 2313 29.
1409 2283 1438 2304 c.
1465 2271 1517 2305 18.

185 2318 244 2358 (3)
267 2317 379 2347 Vento
396 2314 597 2352 obnitentes,
627 2314 756 2346 vortice
783 2315 932 2357 correpti
956 2317 989 2347 δε
1007 2315 1107 2346 rotati
1132 2316 1174 2346 ad
1191 2323 1313 2347 terram
1329 2317 1518 2358 prosterne-

186 2363 322 2393 bantur.
369 2361 450 2391 Haec
479 2360 615 2401 propria
646 2359 690 2391 est
717 2359 908 2402 significatio
938 2360 1030 2392 verbi
1059 2362 1199 2403 qffligere.
1273 2364 1380 2404 Supra
1405 2375 1434 2396 c.
1463 2373 1518 2403 35.

183 2409 296 2440 ἔπιεν-ενα
313 2407 422 2449 ᾳβῐίᾶι
435 2407 626 2449 vcstlgiosito·
681 2405 901 2448 (4)Inclu‹lere
923 2419 1017 2437 vocem
1041 2405 1187 2437 occurrit
1204 2407 1302 2450 supra
1326 2408 1346 2440 l.
1373 2419 1401 2441 2.
1424 2421 1453 2442 c.
1482 2420 1513 2443 2

187 2453 258 2486 Alii
280 2451 335 2483 hle
353 2452 466 2494 legunt
491 2454 715 2486 mtercluderet5
747 2459 783 2482 ut
800 2452 887 2482 infra
912 2451 936 2483 l.
956 2462 1008 2491 40.
1023 2462 1052 2482 c.
1081 2451 1134 2483 16
1164 2452 1208 2483 lc
1213 2468 1240 2484 ι
1249 2467 1302 2485 mae
1312 2455 1519 2498 smulsptrs-

185 2507 246 2530 tum
263 2501 406 2531 &vocem
422 2497 648 2540 intercluserunt.
669 2497 701 2527 &
719 2497 740 2526 l
771 2507 823 2529 22.
839 2508 866 2528 c
883 2506 936 2535 51.
985 2498 1071 2528 Mox
1086 2501 1247 2541 reciprocr
1233 2514 1263 2530 re
1277 2503 1406 2532 am'mam
1422 2511 1517 2534 notat

189 2544 340 2587 recipro:
345 2555 399 2575 um
416 2543 677 2581 illumhalitum,
692 2543 782 2574 unde
795 2543 864 2574 vita
882 2544 1015 2584 pendet.
1065 2544 1122 2584 (5)
1147 2545 1294 2577 Firmum
1322 2546 1432 2589 figere,
1455 2549 1519 2579 eii-

189 2602 276 2633 gere.
304 2590 392 2621 infra
410 2590 429 2621 l.
456 2600 508 2631 39.
532 2601 560 2621 c-
589 2590 643 2628 46-
691 2591 874 2620 tabernacula
891 2590 1019 2632 statuere
1046 2592 1075 2619 in
1088 2592 1175 2631 form
1233 2591 1291 2633 (6)
1315 2596 1415 2633 Aqua
1443 2593 1518 2625 sub·

190 2637 257 2667 lata
274 2647 311 2667 ac
327 2636 479 2677 suspensa
495 2635 528 2667 vi
548 2635 649 2672 venti,
672 2645 775 2677 quum
802 2636 834 2666 in
859 2636 932 2667 a'e're
955 2643 1110 2668 concreta
1125 2635 1213 2675 ess'et.
1258 2638 1316 2680 (7)
1342 2640 1459 2671 Petere
1476 2640 1518 2670 ab

190 2682 261 2716 aliis
275 2692 384 2724 opem.
413 2683 449 2712 E.

1287 2728 1521 2786 ingentibus

1535 2081 1619 2120 Semp
1625 2091 1736 2110 romum

227 2151 236 2159 .
326 2151 334 2158 .
372 2149 379 2156 .
1536 2127 1574 2157 {3³
1593 2125 1694 2155 Ηαηη
1703 2140 1720 2150 -

184 2161 264 2192 tria
281 2151 407 2190 millia
439 2148 624 2203 paffuum
646 2148 754 2190 inter
774 2147 868 2190 bina
891 2149 1019 2190 castra
1051 2149 1181 2192 fuere.
1258 2149 1428 2191 Postero
1447 2150 1512 2191 die
1532 2173 1620 2214 hul
