1834 3099
145 165 226 207 260

141 1261 171 1291 B
174 1261 269 1291 occ-har

138 1308 262 1338 mittitur
276 1306 306 1336 ίη

141 1352 332 1397 Mqfing'ffizm.

859 156 914 200 T.
954 157 1159 201 Ltvlt

371 278 451 320 suis
475 279 535 329 (ea
558 278 619 332 (3)
641 276 816 332 pecunia
837 276 916 319 illis
933 276 1008 332 est)
1029 274 1231 332 persecuti
1254 275 1346 317 sunt
1366 289 1506 332 regem
1527 290 1537 318 :
1568 283 1704 317 cetera

372 337 642 393 Mafl'ylorum
674 336 898 376 multitudo
950 336 991 377 in
1031 336 1230 376 ditionem
1260 335 1461 392 Syphacis
1498 333 1704 377 concessit.

372 397 513 453 Qem
551 405 745 450 ceperant
779 395 936 436 exsules
971 405 1174 446 montem,
1215 394 1411 436 herbidus
1449 393 1705 449 aquosusque

371 455 459 496 est:
493 457 550 505 ὅτ,
582 455 678 508 quia
718 454 857 508 pecori
889 453 1022 495 bonus
1055 455 1201 495 alendo
1222 463 1324 504 erat,
1355 453 1572 495 hominum
1603 465 1708 508 quo-

373 529 473 569 que,
505 527 626 555 carne
663 527 708 553 ac
740 512 848 553 laste
879 512 1149 566 vescentium,
1181 511 1344 554 abunde
1375 512 1600 554 sufficiebat
1634 511 1710 552 ali-

374 573 556 614 mentis.x
601 573 702 613 Inde
725 572 941 613 noeturnis
963 569 1098 626 primo
1119 587 1166 613 ac
1195 571 1357 612 furtivis
1392 570 1710 624 incursionibus,

373 633 523 673 deinde
546 642 686 686 aperto
723 631 956 681 latrocinio,
989 631 1133 672 infesta
1156 631 1294 671 omnia
1314 629 1424 672 circa
1453 631 1557 672 effe:
1588 644 1710 671 max-

376 690 457 732 ime
479 691 582 744 ssuri
615 693 676 745 (4)
713 689 1065 747 Karthaginiensis
1094 705 1204 747 ager,
1237 690 1333 746 quia
1367 692 1406 732 δι
1427 691 1519 746 plus
1541 690 1706 745 praedae,

375 749 502 805 quam
532 750 638 790 inter
659 749 882 800 Numidas,
917 752 955 792 &
979 750 1242 791 latrocinium
1266 749 1395 790 tutius
1416 759 1517 791 erat.
1534 750 1707 806 jamque

375 808 480 851 adeo
512 809 682 850 licenter
708 808 965 859 lleludebant‚
999 818 1044 849 ut
1065 810 1114 849 ad
1138 823 1249 849 mare
1287 808 1501 849 deve&am
1524 808 1707 862 praedam

373 871 597 910 venderent
629 867 939 916 mercatoribus,
972 872 996 920 ‡
1016 867 1317 923 appellentibus
1348 882 1472 908 naves
1493 868 1544 908 ad
1582 866 1623 908 id
1645 867 1709 922 ip-

375 928 493 977 sum3
527 927 759 981 pluresque,
791 925 917 981 quam
939 927 1086 981 †justo
1123 926 1227 983 saepe
1264 927 1305 967 in
1328 926 1452 976 bello,
1484 925 1708 982 Karthagi-

373 987 575 1027 niensium
591 986 784 1026 caderent
805 996 1146 1040 caperenturque.
1210 985 1493 1040 Deplorabant
1525 999 1574 1026 ea
1595 985 1707 1040 apud

371 1045 603 1102 Syphacem
627 1044 1009 1100 Karthaginienses,
1041 1044 1332 1099 infensumque
1363 1047 1404 1086 &
1441 1050 1457 1097 ῃ
1484 1043 1618 1100 ipsum
1653 1045 1707 1085 ad

372 1104 566 1159 reliquias
599 1103 695 1144 belli
730 1103 1033 1158 persequendas
1062 1103 1324 1159 instigabant.
1356 1103 1424 1143 sed
1451 1103 1524 1144 vix
1543 1103 1705 1160 regium

371 1164 602 1212 videbatur,
635 1164 837 1202 latronem
855 1176 1004 1218 vagum
1026 1162 1068 1202 in
1092 1162 1302 1203 montibus
1319 1161 1560 1203 consestari.

430 1221 608 1264 XXXII.
643 1220 846 1271 Bocchar,
877 1235 933 1262 ex
953 1220 1162 1276 praefeffis
1184 1221 1307 1277 regiis
1323 1221 1385 1262 vir
1402 1236 1495 1262 acer
1513 1221 1554 1261 δε
1584 1220 1707 1277 impi-

370 1295 457 1339 ger,
489 1282 540 1323 ad
561 1280 603 1321 id
627 1280 828 1321 deledtus.
851 1280 889 1321 ei
917 1281 1011 1321 data
1037 1290 1216 1335 quatuor
1237 1280 1364 1321 millia
1386 1280 1590 1336 peditum,
1621 1281 1706 1321 duo

369 1341 585 1397 equitum:
633 1339 985 1396 praemiorumque
1022 1339 1255 1396 ingentium
1288 1339 1356 1395 spe
1376 1345 1401 1394 †
1421 1349 1633 1390 oneratus,
1677 1339 1704 1380 fi

369 1410 494 1456 caput
525 1399 741 1441 Masinifl‘ae
771 1399 982 1449 retulisset,
1012 1409 1082 1440 aut
1103 1399 1244 1439 vivum
1279 1399 1338 1454 (id
1362 1397 1461 1439 vero
1484 1399 1704 1440 inaestima-

368 1459 449 1500 bile
489 1459 690 1515 gaudium
730 1457 839 1513 fore)
884 1457 1064 1513 cepisset,
1114 1459 1273 1513 palatos
1306 1461 1370 1512 (ι)
1413 1457 1703 1513 incurioseque

369 1529 537 1575 agentes
571 1516 800 1573 improviso
837 1517 1023 1568 adortus,
1066 1531 1264 1571 pecorum
1300 1515 1604 1571 hominumque
1639 1518 1703 1558 in·

367 1578 480 1633 genti
501 1576 768 1617 multitudine
782 1592 804 1616 a
825 1575 1011 1630 praefidio
1034 1585 1285 1616 armatorum
1304 1576 1484 1626 exclusfi„
1513 1575 1703 1616 Masinis-

366 1636 452 1677 sam
494 1636 626 1691 ipsum
667 1649 763 1676 cum
797 1634 939 1690 paucis
970 1634 1013 1676 in
1057 1634 1252 1675 verticem
1288 1635 1441 1676 montis
1475 1635 1700 1690 compellit.

367 1694 487 1747 Inde,
519 1692 645 1749 prope
669 1704 714 1734 ut
730 1694 818 1749 jam
841 1693 1059 1743 debellato,
1089 1708 1164 1734 nec
1191 1695 1328 1748 praedfi
1351 1692 1478 1734 modo
1500 1708 1698 1748 pecorum
1750 1728 1755 1732 .

365 1753 667 1807 hominumque
684 1762 898 1806 captorum
921 1752 1042 1793 missa
1064 1753 1113 1792 ad
1135 1767 1292 1808 regem,
1324 1753 1390 1793 sed
1413 1753 1542 1807 copiis
1558 1753 1697 1800 etiam,

365 1823 411 1854 ut
447 1812 657 1867 aliquanto
691 1810 933 1867 majoribus,
967 1810 1090 1865 quam
1117 1817 1132 1862 Η
1157 1826 1231 1866 pro
1265 1811 1449 1866 reliquiis
1482 1811 1594 1862 belli,
1635 1826 1700 1853 re·-

363 1871 513 1923 miffis,
536 1885 632 1913 cum
666 1870 902 1925 quingentis
934 1871 1000 1924 (2)
1034 1870 1144 1911 haud
1179 1868 1355 1925 amplius
1378 1870 1585 1924 peditibus
1621 1872 1699 1911 du-

364 1930 574 1985 centisque
615 1928 840 1983 equitibus,
871 1929 1100 1984 degressum
1132 1928 1244 1984 jugis
1277 1929 1528 1970 Masinissam
1565 1930 1699 1985 perse-

363 1999 501 2040 cutus,
533 1989 576 2029 in
597 1989 700 2036 valle
723 1987 862 2041 †arta‚
894 1986 1082 2028 faucibus
1105 1987 1298 2042 utrinque
1315 1987 1489 2038 obseffis,
1521 1988 1695 2030 inclufit.

363 2048 418 2089 ibi
441 2048 586 2104 ingens
611 2047 743 2088 caedes
759 2046 1029 2102 Massylorum
1052 2045 1175 2088 faCia.
1238 2047 1443 2089 Masinissa
1456 2061 1552 2089 cum
1576 2047 1697 2103 quim

1495 2107 1694 2164 quaginta

361 2237 421 2267 quae
437 2226 568 2268 mapalia
597 2227 643 2257 illi
659 2231 778 2264 vocant,
803 2224 931 2267 oblonga,
954 2226 1083 2256 incurvis
1097 2225 1231 2255 lateribus
1248 2228 1333 2260 tec‘t‘a,
1353 2225 1433 2268 quast
1454 2225 1574 2256 navium
1591 2226 1695 2256 carinae

353 2274 434 2313 fimt·
484 2272 554 2303 Has
567 2270 683 2303 domos
700 2269 840 2305 mobiles
858 2269 1011 2312 plaustris
1029 2269 1316 2302 circumferebant.
1362 2271 1419 2312 (3)
1437 2271 1482 2301 H.
1499 2282 1530 2303 e.
1558 2280 1621 2312 pro
1638 2280 1695 2312 pe-

362 2315 459 2347 cunia
476 2330 483 2348 :
510 2326 578 2347 non
592 2316 655 2349 alia
671 2317 735 2348 illis
752 2316 852 2352 bona,
876 2315 945 2347 aliae
962 2315 1036 2347 sunt
1052 2315 1271 2357 pofl‘effiones.
1319 2318 1377 2358 (4)
1398 2316 1539 2349 Codices
1555 2314 1694 2358 quidam

351 2365 435 2403 juris
449 2363 737 2407 Karthaginienstum
750 2376 759 2392 .·
785 2360 908 2392 maxim?
928 2364 1012 2403 juris
1028 2362 1318 2405 Karthaginiensium
1335 2375 1415 2405 ager,
1442 2362 1571 2405 supple,
1595 2360 1693 2392 infes-

363 2415 412 2438 tus
429 2407 503 2440 esse.
552 2408 603 2439 Sic
619 2409 715 2451 supra]
746 2408 810 2439 hoc
836 2406 906 2449 ipso
930 2417 1004 2449 cap.
1022 2410 1051 2438 in
1068 2420 1150 2450 agro,
1173 2415 1307 2450 tanquam
1324 2408 1406 2438 haud
1423 2408 1505 2439 dubi?
1522 2409 1608 2451 juris
1626 2408 1690 2448 fiai.

359 2452 489 2495 Optimi
505 2460 616 2485 tamen
643 2453 846 2496 plurimique
871 2452 1000 2485 codices
1024 2453 1121 2484 stant·
1136 2463 1199 2496 pro
1216 2453 1362 2496 vulgato.
1411 2454 1520 2497 Supra
1535 2453 1558 2485 l.
1573 2451 1630 2485 26.
1655 2462 1686 2485 c.

361 2507 414 2530 21.
443 2500 587 2530 Sociorum
599 2500 704 2543 pzpuli
720 2501 843 2531 Romani
859 2511 943 2542 agros
959 2499 1089 2531 urebant.

406 2563 443 2594 C.
456 2571 510 2601 32.
529 2563 586 2604 (1)
603 2562 655 2594 Sic
671 2563 751 2595 Tac.
767 2562 793 2594 l.'
808 2572 844 2599 4.
860 2560 948 2595 Hist.
974 2573 1004 2594 c.
1026 2561 1080 2594 28.
1110 2563 1202 2604 Caesae
1213 2563 1336 2594 cobortes
1347 2575 1452 2599 eorum,
1465 2563 1494 2593 fn
1511 2564 1575 2594 vico
1589 2562 1690 2594 Mar-

358 2609 456 2638 coduro
472 2609 634 2653 incuriqſsbs
651 2615 774 2651 agentes.
819 2608 877 2648 (2)
901 2609 949 2639 Ita
965 2618 1053 2645 mox,
1075 2607 1214 2650 periodo
1245 2608 1310 2650 seq.
1355 2607 1462 2650 Suprfl
1489 2619 1518 2640 c.
1548 2616 1605 2649 29.
1627 2620 1689 2640 cum

357 2655 479 2685 ducentis
508 2654 586 2685 haud
609 2655 734 2698 amplius
755 2654 903 2698 equitibus.
952 2653 1165 2686 Construelio
1192 2653 1283 2698 apud
1311 2653 1457 2687 nostrum
1473 2652 1687 2686 ufitatiffima.

1509 2698 1566 2741 (3)
1579 2701 1685 2742 Supra
