1840 3094
138 238 220 279 106
824 235 877 277 Τ.
931 234 1147 278 L1v11

353 350 634 393 transmissum.
674 350 742 392 ubi
781 351 896 403 urbe,
926 367 1017 408 quae
1051 361 1175 406 caput
1208 349 1347 391 insulae
1379 349 1453 399 est,
1483 347 1656 389 biduum

354 410 626 464 nequicquam
662 409 820 450 summo
859 410 993 451 labore
1033 410 1285 466 oppugnata,
1319 407 1387 449 ubi
1410 408 1450 448 in
1473 405 1582 462 spem
1605 405 1660 445 ir-

353 470 471 508 ritam
496 468 642 508 frustra
665 468 738 508 teri
763 478 924 523 tempus
947 467 1271 509 animadversum
1300 466 1373 516 est,
1404 466 1454 506 ad
1490 463 1661 519 popula-

355 527 508 566 tionem
533 526 617 582 agri
637 527 752 575 verfi,
782 527 950 582 direptis
972 527 1125 581 aliquot
1147 525 1393 578 incensisque
1426 523 1539 572 vicis,
1572 537 1661 562 rna-

349 585 454 641 jore,
487 586 609 640 qucim
633 599 681 624 ex
711 584 952 634 continenti,
984 586 1118 642 praeda
1141 585 1266 639 parta,
1300 596 1427 637 quum
1465 582 1506 621 in
1538 593 1663 621 naves

356 642 394 683 se
417 643 668 697 recepissent,
701 657 750 683 ex
780 643 1005 684 Baliaribus
1042 643 1182 683 insulis
1203 643 1323 697 legati
1347 654 1489 695 pacem
1522 648 1665 694 peten-

356 711 415 741 tes
437 702 486 741 ad
507 701 741 757 Scipionem
763 712 974 742 venerunt.
1053 701 1151 741 Inde
1175 700 1274 740 flexa
1298 710 1405 739 retro
1427 697 1569 746 clanis,
1600 709 1665 737 re-

356 760 569 814 ditumque
603 760 644 799 in
673 760 859 800 citeriora
882 759 1129 814 provinciae3
1175 757 1260 814 quo
1282 758 1467 798 omnium
1491 755 1665 811 populo·-

357 832 467 868 rum,
517 818 588 872 qui
624 820 685 870 (9)
723 818 888 858 Iberum
923 818 1123 867 incolunt,
1175 818 1401 857 multorum
1441 817 1480 856 δι’
1508 814 1666 854 ultimae

356 875 566 930 Hispaniae
589 877 709 932 legati
747 887 1057 918 concurrerunt.
1137 875 1233 923 Sed,
1264 874 1334 929 qui
1369 870 1462 913 vere
1497 870 1666 913 ditionis

357 934 597 988 imperiique
629 934 810 974 Romani
852 934 950 974 safti
990 934 1096 985 sunt,
1128 932 1332 974 obsidibus
1368 930 1486 980 datis,
1518 929 1666 986 populi

358 992 533 1046 amplius
554 992 721 1037 fuerunt
745 1003 910 1036 centum
933 992 1089 1047 viginti.
1136 991 1266 1046 Igitur
1287 988 1540 1031 terrestribus
1563 1001 1666 1042 quo·

358 1064 438 1103 que
459 1050 588 1104 copiis
610 1050 701 1091 satis
724 1050 852 1090 fidens
877 1050 1106 1099 Romanus,
1139 1049 1263 1113 usque
1286 1049 1336 1088 ad
1360 1048 1501 1088 saltum
1520 1045 1666 1088 Castu-

360 1108 569 1148 lonensem
611 1107 668 1149 est
690 1109 932 1163 progressus.
995 1107 1226 1149 Hasdrubal
1248 1107 1289 1146 in
1325 1105 1574 1152 Lusitaniam
1616 1116 1666 1152 ac

363 1171 396 1217 †
428 1164 596 1221 propius
617 1180 818 1207 oceanum
840 1173 864 1219 †
881 1167 1082 1207 concessit.

421 1224 539 1273 XXI.
573 1224 776 1281 Qietum
801 1224 894 1264 inde
924 1225 1013 1264 sore
1043 1223 1255 1263 videbatur
1277 1222 1479 1276 reliquum
1519 1218 1668 1261 aestatis

364 1293 538 1337 tempus,
556 1281 769 1338 fuissetque
791 1296 862 1337 per
886 1283 1059 1323 Poenum
1080 1281 1237 1325 hostem
1257 1298 1269 1330 3
1291 1280 1373 1328 sed,
1395 1290 1666 1335 praeterquam

362 1341 475 1395 quod
511 1339 688 1396 ipsorum
727 1341 1005 1396 Hispanorum
1038 1341 1220 1396 inquieta
1249 1338 1449 1392 avidaque.
1478 1337 1669 1378 in·novas

362 1414 425 1440 res
447 1399 538 1439 sunt
560 1399 738 1455 ingenia,
770 1399 1026 1440 Mandonius
1055 1397 1335 1452 Indibilisque,
1366 1397 1435 1452 qui
1462 1405 1579 1436 antea
1604 1397 1668 1448 (1)

363 1458 583 1512 Ilergetum
605 1458 770 1512 regulus
792 1456 942 1509 fuerat,
973 1457 1186 1515 postquam
1211 1455 1392 1496 Romani
1415 1454 1464 1495 ab
1480 1453 1583 1494 saltu
1604 1465 1669 1492 re-

363 1516 511 1556 cessere
547 1516 595 1555 ad
629 1514 874 1557 maritimam
915 1530 1047 1567 oram,
1091 1514 1262 1555 concitis
1301 1511 1580 1571 popularibus,
1622 1510 1667 1550 in

364 1588 508 1629 agrum
541 1584 730 1628 pacatum
765 1572 964 1619 sociorum
997 1573 1283 1613 Romanorum
1313 1573 1375 1626 (2)
1397 1572 1447 1611 ad
1468 1569 1670 1625 populan-

364 1633 464 1672 durn
486 1642 699 1677 venerunt.
761 1631 969 1672 Adversus
983 1645 1052 1671 eos
1074 1631 1262 1670 tribunus
1282 1629 1459 1670 militurn
1482 1642 1577 1670 cum
1599 1641 1670 1668 ex·

365 1690 511 1744 peditis
534 1690 692 1738 auxiliis
713 1704 734 1729 a
756 1689 946 1743 Scipione
968 1689 1067 1736 miffi
1085 1691 1161 1742 (3),
1179 1688 1256 1728 levi
1279 1687 1514 1735 certamine,
1538 1696 1582 1726 ut
1603 1695 1671 1729 tu-.-

366 1748 628 1796 multuariam
670 1761 855 1797 manum,
888 1748 1030 1788 fudere
1061 1761 1234 1801 omnes3
1266 1746 1404 1786 occisis
1427 1743 1669 1799 quibusdam

365 1806 589 1861 captisque,
623 1819 768 1862 magna
792 1819 881 1860 pars
904 1806 1025 1847 armis
1059 1815 1194 1845 exuta.
1251 1803 1333 1845 Hie
1357 1815 1493 1843 tamen
1516 1803 1670 1853 tumul·

365 1874 431 1904 tus
453 1865 665 1911 cedentem
689 1865 738 1914 ad
773 1877 972 1914 oceanum
1008 1862 1305 1904 Hasdrubalem
1328 1862 1385 1902 cis
1419 1861 1582 1902 Iberum
1616 1860 1668 1901 ad

364 1922 492 1963 socios
515 1924 706 1962 tutandos
727 1922 907 1962 retraxit.
969 1921 1109 1963 Castra
1133 1920 1284 1962 Punica
1307 1919 1348 1958 in
1377 1933 1473 1974 agro
1496 1919 1674 1960 Ilercao-

145 2003 277 2034 fflffbffl
365 1981 562 2028 nennium,
581 1980 704 2021 castra
721 1980 909 2020 Romana
926 1980 975 2020 ad
992 1993 1136 2019 novam
1156 1979 1311 2019 classem
1324 1981 1524 2031 (4)erant,
1542 1991 1671 2031 quum

140 2063 222 2080 „rma
245 2050 348 2077 adver·
366 2038 474 2079 fama
495 2053 640 2092 repens
662 2037 741 2078 alio
762 2046 787 2090 †
807 2039 948 2078 avertit
980 2037 1149 2080 bellum.
1183 2036 1396 2086 Celtiberi,
1427 2035 1497 2090 qui
1518 2035 1671 2090 princi·

139 2100 185 2137 β’
208 2096 301 2125 ²⁰⁰⁵&
363 2111 438 2153 pes
474 2097 651 2153 regionis
685 2096 765 2137 suae
794 2097 948 2152 legatos
986 2095 1190 2144 miserant,
1228 2094 1460 2149 obsidesque
1478 2094 1675 2135 dederant

141 2144 264 2184 ‘api-2118.

366 2216 546 2246 Preti-mebi
570 2228 649 2245 oram
677 2212 773 2255 supra
805 2213 827 2245 l.
846 2222 900 2245 2¹.
923 2224 950 2245 c.
969 2223 1025 2252 41.
1050 2213 1136 2249 insta]
1154 2212 1177 2244 l.
1207 2222 1263 2249 44.
1288 2223 1317 2244 c.
1336 2221 1388 2244 10.
1407 2213 1513 2243 Porro
1528 2213 1675 2244 notanda

367 2259 618 2291 constmuffionis
648 2261 666 2299 †
697 2258 863 2290 variatio:
900 2264 1110 2301 pretervefla,
1143 2258 1186 2289 sc.
1215 2257 1318 2288 claffis
1343 2283 1351 2290 .
1381 2281 1389 2287 -
1419 2281 1427 2289 .
1466 2258 1668 2300 {ruffa-ssim.

366 2306 422 2345 (9)
446 2306 637 2348 Lugendum
669 2303 800 2336 videtur
828 2303 881 2336 vel
908 2307 959 2342 qui
974 2307 1011 2335 cis
1036 2305 1154 2335 lhmm
1181 2303 1314 2341 ina-luat,
1335 2303 1387 2336 vel
1402 2306 1452 2346 qui
1469 2303 1584 2334 Jhm-
1597 2314 1677 2334 am·

367 2352 435 2381 lunt.

414 2398 453 2426 C.
475 2404 528 2426 21,
553 2395 608 2435 (r)
632 2397 820 2436 Antequam
839 2393 1012 2435 llergetum
1042 2404 1120 2435 gens
1151 2393 1211 2424 sub
1234 2394 1284 2435 jus
1307 2392 1532 2434 ditionemque
1556 2393 1680 2424 Roma—

370 2450 487 2470 norum
502 2439 703 2482 redigeretur.
719 2451 737 2470 a
755 2441 818 2471 Cn.
834 2439 996 2480 Scipione,
1018 2439 1107 2480 quod
1134 2446 1350 2470 memoratum
1382 2438 1426 2469 est
1451 2437 1547 2479 supra
1575 2436 1598 2468 Ι.
1618 2446 1675 2470 αι.

370 2495 397 2515 c.
415 2485 467 2514 (ιι.
495 2485 695 2516 Mandonius
713 2483 859 2516 Indibilis
877 2487 976 2516 frater
1003 2491 1084 2516 erat.
1099 2482 1185 2515 infra
1209 2483 1232 2515 l.
1245 2483 1299 2515 26.
1326 2493 1354 2514 c.
1372 2491 1428 2523 49.
1473 2482 1531 2524 (2)
1552 2481 1679 2524 Accipe

372 2529 458 2569 quali
483 2530 604 2560 faustum
623 2540 659 2560 cx
668 2532 740 2571 ‘lacit'
758 2531 954 2565 Romanorum,
978 2540 1045 2560 nou
1076 2540 1113 2560 ex
1129 2529 1204 2570 ficii
1227 2530 1370 2559 Romani:
1405 2537 1512 2568 neque
1526 2526 1615 2558 enim
1630 2527 1678 2558 ita

373 2574 556 2614 loquuntur
575 2582 705 2605 veru-cs.
729 2575 786 2613 (3)
804 2574 878 2606 Vid.
903 2577 972 2606 not.
995 2584 1023 2613 3.
1046 2574 1086 2605 ad
1103 2584 1131 2605 c.
1153 2573 1205 2604 60.
1221 2573 1243 2606 1.
1261 2583 1315 2607 αι,
1334 2573 1441 2617 supra.
1463 2572 1524 2614 (⁴)
1539 2573 1599 2604 Per
1612 2574 1682 2604 Νο-

373 2632 441 2658 γανι
455 2619 568 2662 Clffm
585 2619 662 2652 urbs
678 2620 827 2662 qua-dam
843 2618 1052 2662 intelligenda
1067 2618 1208 2651 videtur.

1460 2659 1677 2713 Romanis,
