1834 3099
369 172 619 221 LIBER
666 176 831 220 XXIV.
881 176 981 220 CA
1005 180 1052 221 P.
1093 176 1212 221 XIX.
1597 191 1673 233 251

134 297 268 352 quitis,
299 297 367 338 cui
384 298 562 338 militum
585 296 725 354 generi
748 310 831 336 non
853 292 986 350 prius,
1018 294 1145 349 quam
1165 295 1305 350 pulsus
1341 296 1458 338 Itali&

134 355 261 397 hostis
281 356 392 406 effet,
425 357 589 397 finitum
622 354 919 410 stipendiorum
953 364 1119 408 tempus
1152 364 1252 396 erat.
1311 356 1458 412 Qum
1479 354 1646 408 Βῑζῡμῑῑω

134 414 336 465 censores,
367 415 421 456 ob
443 416 623 471 inopiam
645 415 793 466 aerarii,
824 414 863 454 se
880 414 967 469 jam
992 413 1264 454 locationibus
1285 413 1460 455 abstine·
1473 407 1658 478 pnwl'grm

133 485 226 514 rent
245 474 397 515 aedium
421 474 911 522 sacrarum‘tuendarum,
936 474 998 528 (5)
1020 473 1309 527 curuliumque
1331 487 1460 528 equo·
1477 459 1548 490 erga
1594 454 1666 490 ΜΨ

134 545 227 572 rum
261 534 592 588 praebendorum‚
625 547 671 573 ac
697 532 887 572 fimilium
924 531 988 571 his
1025 545 1195 580 rerum3
1228 546 1458 572 convenere

134 592 184 631 ad
206 605 277 633 eos
300 592 552 648 frequentes,
584 591 656 646 qui
679 594 740 646 (6)
763 590 887 631 hastae
924 590 1049 646 hujus
1084 590 1246 646 generis
1282 591 1460 631 assueve-

133 661 254 692 rant:
285 651 520 706 hortatique
557 650 759 700 censores,
803 661 848 690 ut
884 650 1023 689 omnia
1065 649 1234 704 perinde
1276 660 1460 705 agerent,

133 710 333 760 locarent,
366 726 412 752 ac
437 710 654 766 sipecunia
691 709 732 749 in
765 709 908 749 aerario
941 709 1047 748 efl‘et.
1112 708 1357 761 Neminem,
1389 709 1461 748 nisi

133 767 241 809 bello
264 768 474 819 confecto,
496 769 715 824 pecuniam
734 768 784 808 ab
801 767 943 808 aerario
964 767 1192 821 petiturum
1211 767 1299 808 effe.
1346 768 1460 809 Con-

132 841 280 868 venere
318 829 466 869 deinde
501 829 659 869 domini
694 842 858 879 eorum,
890 840 992 880 quos
1024 827 1092 866 Ti.
1115 826 1386 882 Sempronius
1409 827 1459 867 ad

131 885 419 928 Beneventum
455 891 520 942 (7)
549 901 675 927 manu
707 886 924 926 emiserat:
953 885 1233 940 arcessitosque
1256 885 1294 925 se
1316 885 1367 926 ab
1389 886 1460 926 tri-

132 945 303 987 umviris
322 951 345 999 ‡
369 946 578 987 mensariis
597 947 673 986 esse
696 946 907 997 dixerunt,
940 956 984 984 ut
1007 945 1135 999 pretia
1158 945 1366 985 servorum
1392 959 1460 986 ac-

128 1003 330 1059 ciperent.
354 1004 538 1046 ceterum
562 1020 644 1045 non
667 1004 777 1054 ante,
801 1006 926 1058 quam
943 1004 1050 1044 bello
1073 1003 1284 1053 confefiio,
1315 1018 1460 1058 accep-

131 1072 247 1105 turos
269 1064 345 1104 efl'e
426 1065 570 1131 Qum
609 1064 696 1104 haec
736 1063 947 1104 inclinatio
982 1063 1216 1103 animorum
1247 1062 1376 1118 plebis
1409 1064 1460 1104 ad

131 1121 409 1164 sustinendam
442 1139 623 1178 mopiam
655 1123 783 1164 aerarii
809 1122 953 1171 fieret3
987 1123 1172 1176 pecunie
1195 1136 1362 1176 quoque
1384 1137 1461 1176 pu·-

129 1182 293 1237 pillares
314 1182 466 1238 primo,
499 1184 647 1223 deinde
682 1183 913 1228 xiduarum,
946 1193 1094 1235 coeptae
1127 1181 1334 1222 conferri:
1366 1181 1460 1221 nus-

131 1255 256 1295 quam
295 1256 361 1282 eas
400 1240 529 1282 tutius
560 1240 817 1295 sanctiusque
850 1242 1055 1295 deponere
1077 1240 1355 1289 credentibus,
1386 1239 1458 1294 qui
1544 1248 1567 1296 «2-

133 1300 386 1350 deferebant,
422 1303 548 1355 quam
571 1302 613 1340 in
635 1301 799 1355 publica
822 1299 915 1340 fide.
942 1300 1051 1348 inde,
1086 1299 1110 1338 si
1135 1299 1234 1354 quid
1270 1308 1459 1353 emptum

131 1370 405 1413 paratumque
426 1361 593 1415 pupillis
617 1374 661 1400 ac
684 1359 817 1399 viduis
839 1358 961 1407 foret,
994 1361 1056 1413 (8)
1090 1373 1112 1398 a
1145 1357 1344 1412 quaestore
1368 1371 1461 1411 per-

131 1417 395 1458 scribebatur.
462 1418 650 1458 Manavit
687 1432 734 1458 ea
767 1417 1020 1473 privatorum
1051 1416 1282 1472 benignitas
1314 1419 1378 1470 (9)
1407 1430 1458 1457 ex

132 1477 232 1518 urbe
253 1477 376 1517 etiam
399 1478 440 1517 in
464 1478 607 1526 castra,
642 1488 686 1516 ut
710 1491 792 1516 non
814 1490 956 1530 eques,
986 1489 1069 1515 non
1098 1475 1287 1516 centurio
1309 1475 1461 1530 stipen-

130 1536 245 1577 dium
269 1537 516 1590 acciperent,
548 1536 932 1589 mercenariumque
969 1534 1229 1590 increpantes
1250 1544 1460 1587 vocarent,

131 1596 204 1651 qui
230 1596 454 1650 accepiffet.

189 1655 309 1696 XIX.
344 1654 575 1725 QFabius
601 1653 742 1695 consul
766 1653 815 1694 ad
839 1652 1064 1694 Casilinum
1103 1650 1232 1695 castra
1267 1650 1458 1703 habebat,
1479 1658 1584 1690 F1bius
1611 1660 1685 1702 635-

128 1715 244 1770 quod
283 1713 413 1754 duum
454 1715 631 1754 millium
663 1713 991 1767 Campanorum,
1027 1716 1066 1754 δε
1105 1712 1458 1768 septingentorum
1478 1705 1567 1780 “imm'’
1582 1706 1649 1749 ⁰4fi‘

129 1774 311 1814 militum
328 1773 574 1815 Hannibalis
596 1772 811 1813 tenebatur
833 1772 1031 1826 praesidio.
1092 1771 1274 1813 Praeerat
1304 1772 1460 1814 Statius
1496 1759 1533 1783 ‘t

128 1911 215 1950 crit3
239 1910 292 1943 cui
311 1911 445 1953 quidem
460 1911 629 1943 sententia:
643 1910 696 1942 bic
718 1911 808 1942 locus
821 1909 961 1942 maxime
979 1908 1149 1953 suffragari
1167 1909 1247 1942 mihi
1265 1909 1409 1943 videtur.
1423 1910 1459 1942 E.

130 1959 187 2000 (5)
213 1957 257 1988 Hi
274 1958 431 1990 videntur
446 1957 538 1989 fuiss'e
554 1958 629 1998 equi
649 1957 867 2000 quadrigales‚
889 1957 930 1988 ad
944 1957 1111 1988 vehendas
1129 1956 1304 1999 quadrigas
1321 1957 1354 1988 in
1373 1957 1458 1988 ludis

130 2002 327 2035 circensibus
357 2003 486 2045 publice
516 2015 556 2045 pr
588 2003 660 2035 biti.
712 2002 775 2034 Alii
805 2011 915 2034 autem
940 2002 1130 2045 intelligunt
1158 2013 1261 2043 equos
1287 2002 1457 2034 curulibus

132 2048 371 2091 magistratibus
390 2049 547 2080 vehendis
564 2049 698 2089 publico
715 2049 847 2091 sumptu
863 2048 1029 2090 prmbitos-
1075 2047 1133 2089 (6)
1159 2049 1203 2079 H.
1219 2059 1245 2080 e.
1271 2048 1329 2090 qui
1348 2047 1456 2079 simili-

131 2094 192 2126 bus
204 2095 301 2127 rebus
313 2096 536 2126 conducendis
545 2094 763 2126 affixe-verant.
793 2094 900 2126 Hasta.
912 2093 1180 2136 subjiciebantur,
1193 2092 1456 2136 i.e.l1ast5positss

132 2140 301 2176 venibant,
315 2151 524 2182 quaecunque
537 2140 667 2182 publice
681 2140 918 2172 venundabant
933 2141 1087 2178 Romani;
1104 2151 1196 2171 more
1209 2139 1286 2171 inde
1299 2140 1457 2177 deducto,

131 2187 224 2227 quod
241 2186 357 2228 primis
373 2186 580 2227 temporibus
597 2197 634 2218 ea
657 2187 787 2217 tantum
810 2186 940 2228 publice
959 2186 1131 2223 venibant,
1154 2197 1226 2226 quse
1245 2185 1334 2216 bello
1356 2193 1454 2227 capta

132 2235 278 2265 fuerant.
323 2233 378 2264 Ad
404 2232 526 2263 hastam
551 2243 685 2273 quoque
713 2232 835 2263 fiebant
862 2231 1042 2263 locationes
1067 2231 1453 2274 publicorum'operum.

131 2277 188 2319 (7)
199 2280 339 2310 Emittere
355 2291 450 2316 manu,
467 2288 528 2320 pro
542 2281 748 2314 manumittere,
770 2278 860 2320 apud
878 2278 1033 2309 Plautum
1047 2279 1201 2318 frequens
1214 2277 1267 2308 est.
1310 2277 1368 2318 (8)
1380 2279 1455 2307 Per-

118 2325 300 2366 scribebatur
316 2324 511 2356 solvendum
524 2338 541 2354 a
553 2325 651 2368 qnaestv
641 2338 696 2356 are.
722 2326 806 2365 Perfi
810 2325 863 2354 ribi
876 2323 1015 2365 pecunia
1028 2322 1162 2360 dicitur,
1177 2333 1277 2364 quam
1290 2333 1357 2353 non
1370 2333 1455 2364 prae-

129 2369 278 2403 sentibus
291 2370 434 2402 nummis
451 2380 674 2408 numeianius,
687 2370 742 2400 sed
755 2380 814 2411 per
826 2369 1022 2410 scripturam
1039 2370 1080 2400 de
1094 2379 1183 2400 mens
1186 2369 1200 2397 :i
1214 2368 1381 2406 solvimus,
1395 2368 1414 2400 i.
1427 2379 1455 2401 e.

130 2417 213 2449 solvi
227 2417 380 2458 jubemus
397 2415 439 2447 ab
455 2427 506 2452 eo.
528 2418 620 2458 apud
633 2426 731 2456 quern
748 2423 924 2456 argentum
940 2415 1125 2457 depositum
1151 2415 1339 2445 habeamus.
1386 2413 1454 2446 Hie

129 2462 244 2506 igitur,
270 2462 291 2493 fi
315 2462 395 2503 quid
414 2462 548 2504 pupillis
567 2461 716 2493 viduisve
732 2468 881 2502 emptum
905 2468 961 2491 aut
989 2467 1142 2502 paratum
1156 2462 1254 2498 foret,
1275 2459 1309 2492 id
1323 2468 1456 2501 emptor

129 2519 200 2541 non
215 2509 376 2551 praesente
392 2507 531 2550 pecunia
548 2508 707 2545 solvebat,
729 2507 782 2538 sed
796 2506 932 2549 jubebat
958 2505 1039 2537 solvi
1066 2517 1086 2538 a
1109 2505 1274 2548 quaestore,
1297 2507 1330 2536 δι
1345 2505 1456 2538 chiro·

129 2555 260 2598 grapho
275 2555 356 2586 dato
378 2554 568 2586 remittebat
598 2552 803 2586 venditorem
821 2553 863 2583 ad
881 2551 1086 2594 quaestorem,
1108 2563 1127 2583 a
1146 2562 1214 2594 quo
1238 2551 1384 2594 pretium
1407 2550 1456 2584 rei

129 2609 248 2645 empta·
263 2601 456 2633 solveretur.
504 2601 622 2641 Neque
646 2599 743 2631 aliter
765 2597 1019 2641 intelligendum
1042 2597 1177 2630 videtur
1199 2597 1283 2630 illud
1309 2596 1456 2634 Horatii,

130 2649 227 2678 Scribe
255 2649 342 2678 decem
367 2661 385 2678 a
402 2649 509 2684 Nerio,
531 2646 571 2678 sc.
585 2645 754 2677 solvenda.
783 2644 806 2677 l.
829 2654 858 2677 2.
881 2647 944 2676 Sat.
963 2653 995 2685 3.
1014 2655 1045 2676 v.
1061 2643 1117 2687 69.
1167 2643 1225 2687 (9)
1246 2643 1457 2677 Liberalitas.

129 2692 196 2726 vid.
211 2694 226 2735 ξ
241 2693 364 2737 benign&
414 2692 505 2726 Huic
530 2691 715 2737 opponitur
737 2692 756 2733 †
781 2692 958 2736 malignitas.
1274 2734 1327 2776 M

408 2761 413 2766 ·
1331 2732 1454 2784 etius,
