1834 3099
167 1818 257 1861 Sqfidi
286 1819 324 1850 Εἴ

170 1865 289 1894 Merito
300 1866 369 1907 agri

165 1910 244 1939 daei.

887 215 939 258 T.
989 214 1212 258 LIVII

387 331 428 372 ta
459 332 520 387 (ι)
549 331 774 373 exercitum
810 333 1022 387 deportare
1044 348 1126 373 non
1159 333 1345 382 licuisset,
1377 332 1608 388 postulavit,
1649 343 1697 375 ut

389 391 661 445 triumphanti
691 391 834 431 urbem
875 391 978 432 inire
1030 392 1182 432 liceret.
1235 392 1274 431 id
1316 406 1399 432 non
1445 392 1692 447 impetravit.

388 448 532 506 Qum
567 449 706 490 multis
728 449 858 491 verbIS
877 449 1016 490 afflum
1040 451 1148 499 effer,
1182 447 1320 489 utrum
1343 448 1480 492 minus
1501 451 1698 492 conveni·

387 521 464 557 ret,
496 509 613 563 cujus
647 508 813 549 nornine
845 508 1032 557 absentis,
1064 509 1116 549 ob
1143 523 1206 548 res
1229 508 1418 563 prospere
1450 509 1577 550 ductu
1606 509 1699 565 ejus

387 565 532 622 gestas,
564 566 803 621 supplicatio
839 568 999 607 decreta
1033 567 1156 617 foret,
1192 569 1229 608 &
1269 567 1362 608 Diis
1397 567 1696 609 immortalibus

388 624 552 666 habitus
584 625 731 675 honos,
762 625 805 665 ei.
842 625 1026 679 praesenti
1064 640 1211 677 negare
1246 626 1533 680 triumphum:
1562 629 1697 680 an,(2)

389 697 512 737 quem
533 685 690 724 tradere
711 684 935 725 exercitum
973 684 1181 725 successori
1209 683 1416 739 jussiss‘ent,
1448 685 1592 739 (quod,
1624 685 1695 724 nili

389 753 580 783 manente
603 743 643 782 in
666 743 872 798 provincia
891 742 997 783 bello
1020 758 1102 783 non
1136 744 1440 797 decerneretur)
1460 747 1557 783 eum
1586 742 1697 797 quasi

390 801 671 855 (3)debellat0
704 801 972 855 triumphare,
1004 816 1132 856 quum
1164 801 1384 852 exercitus,
1417 801 1526 843 testis
1561 801 1697 842 meriti

391 870 513 913 atque
554 859 747 900 immeriti
783 859 996 913 triumphi,
1029 861 1204 908 abess'et3
1256 860 1438 900 medium
1470 860 1620 909 visum,
1650 869 1697 900 ut

392 932 517 958 ovans
540 919 680 959 urbem
705 918 836 959 iniret.
897 918 1072 958 Tribuni
1095 918 1222 973 plebis
1245 932 1292 958 ex
1325 919 1564 959 auftoritate
1583 917 1699 958 fena-

393 974 460 1016 tfis
488 977 537 1016 ad
570 978 766 1032 populum
805 977 1068 1031 tulerunt,(4)
1102 987 1145 1016 ut
1179 977 1241 1017 M.
1266 977 1479 1027 Marcello,
1511 991 1595 1030 quo
1631 976 1696 1017 die

394 1035 536 1075 urbem
559 1049 682 1076 ovans
709 1035 844 1083 iniret,
877 1034 1094 1088 imperium
1117 1035 1224 1075 effer.
1297 1035 1448 1084 Pridie,
1471 1034 1596 1090 quam
1629 1041 1697 1076 u‘r-

391 1092 486 1133 bem
508 1093 709 1148 iniret,(5)
741 1093 781 1132 in
805 1103 944 1132 monte
969 1092 1130 1133 Albano
1153 1092 1432 1146 triumphavit.
1453 1094 1547 1134 inde
1568 1108 1698 1134 ovans

392 1153 564 1192 multam
589 1166 669 1206 prae
704 1151 741 1191 se
770 1152 947 1205 praedam
967 1150 1007 1190 in
1031 1151 1173 1191 urbem
1196 1151 1346 1190 intulit.
1426 1152 1536 1193 Cum
1560 1152 1698 1192 {imul-

391 1224 485 1250 acro
508 1221 717 1264 captarum
750 1209 1078 1266 Syracusarurmll
1115 1210 1330 1263 catapultae
1357 1209 1620 1264 ballistaeque,
1655 1213 1694 1252 8<

391 1269 466 1309 alia
489 1269 626 1310 omnia
649 1269 918 1309 instrumenta
947 1268 1042 1308 belli
1077 1270 1172 1318 lata,
1208 1271 1244 1309 &
1269 1268 1379 1322 pacis
1401 1268 1605 1310 diuturnae
1635 1283 1699 1309 re-

389 1327 547 1382 giaeque
569 1328 789 1381 opulentiae
809 1337 1064 1376 ornamenta,
1100 1326 1257 1382 argenti
1285 1326 1455 1381 aerisque
1477 1326 1695 1368 fabrefaEti

388 1386 489 1438 ‡vis,
507 1387 583 1426 alia
607 1386 800 1440 supellex,
833 1385 1086 1440 pretiosaque
1107 1391 1121 1436 Η
1143 1385 1280 1437 vestis,
1312 1387 1352 1427 &
1385 1386 1514 1426 multa
1545 1386 1698 1426 nobilia

388 1445 512 1499 ligna,
534 1445 682 1498 quibus
705 1445 810 1485 inter
831 1444 981 1499 primas
1005 1444 1178 1484 Graeciae
1210 1444 1330 1484 urbes
1350 1443 1559 1500 Syracusae
1578 1459 1698 1485 orna-

388 1513 440 1544 tae
462 1503 636 1544 fuerant.
687 1502 853 1544 Punic-ee
875 1517 1038 1567 quoque
1060 1502 1243 1542 vietoriae
1266 1502 1440 1556 lignum,
1461 1502 1558 1544 octo
1579 1502 1696 1543 duffi

387 1561 606 1615 elephanti.
669 1561 721 1603 Et
751 1576 833 1602 non
856 1561 1074 1601 minimum
1097 1560 1176 1600 fuit
1207 1559 1486 1614 spectaculum
1508 1575 1604 1602 cum
1626 1576 1696 1602 co-

387 1620 499 1660 ronis
518 1620 649 1661 aureis
672 1621 946 1674 prfecedentes
977 1619 1088 1660 Sosis
1119 1619 1411 1674 Syracusanus,
1445 1621 1484 1661 &
1509 1612 1694 1662 Me'ricus

387 1678 657 1733 Hispanus.6(
663 1684 675 1734 )
706 1693 882 1732 quorum
923 1679 1050 1718 altero
1091 1679 1194 1717 duce
1237 1677 1442 1718 nocturno
1479 1677 1695 1734 Syracusas

389 1737 601 1777 introitum
624 1747 739 1785 erat,
772 1738 871 1777 alter
895 1736 1065 1785 Nasium,
1097 1736 1290 1789 quodque
1312 1736 1367 1777 ibi
1388 1736 1560 1791 praefidii
1592 1746 1694 1789 erat,

389 1796 633 1850 prodiderat.
697 1795 776 1835 His
798 1793 994 1835 ambobus
1018 1794 1158 1834 civitas
1179 1795 1287 1843 data,
1321 1797 1362 1836 δε
1385 1795 1609 1850 quingenta
1625 1796 1695 1851 ju-

388 1869 482 1911 gera
514 1853 612 1908 agri.
675 1854 835 1894 Sosidi
827 1868 868 1893 ιιι
901 1869 999 1910 agro
1031 1851 1299 1909 Syracusano,
1332 1853 1404 1907 qui
1435 1863 1505 1893 aut
1538 1853 1693 1910 regius,

1621 1922 1693 1952 aut

436 2031 476 2062 C.
505 2040 558 2063 21.
576 2031 633 2071 (ι)
657 2030 786 2067 Pacata,
809 2030 841 2061 δε
866 2028 1002 2061 omnino
1019 2028 1052 2059 in
1076 2027 1234 2059 ditionem
1252 2029 1368 2071 populi
1393 2027 1534 2061 Romani
1548 2028 1694 2062 rcdaffi

390 2075 516 2108 infral.
537 2086 587 2116 27.
605 2087 632 2107 c.
647 2086 676 2114 5.
691 2079 753 2117 se
741 2091 786 2107 eta
784 2079 937 2119 sctprovin
940 2078 996 2105 iam
1023 2075 1190 2116 calfeciſjiz
1229 2077 1285 2115 (2)
1311 2075 1438 2111 Exboc
1457 2074 1630 2106 locoLivii
1658 2076 1692 2107 δε

390 2122 494 2153 altero
520 2122 541 2152 l.
558 2131 611 2162 39.
631 2132 659 2152 c.
678 2131 728 2162 29.
752 2122 850 2158 infra,
874 2120 997 2163 colligit
1014 2118 1206 2151 Perizonius
1233 2130 1300 2151 non
1324 2121 1494 2152 decretum
1519 2120 1610 2152 fuiss'e
1637 2119 1696 2152 tri-

391 2167 573 2209 umphum3
597 2166 655 2198 nili
683 2166 756 2208 quis
784 2166 987 2208 provincimi
1013 2165 1058 2196 ita
1082 2163 1267 2196 confecisset
1285 2176 1322 2196 ac
1348 2165 1496 2208 pacaffet,
1519 2174 1556 2197 ut
1572 2165 1694 2198 exerci-

391 2220 444 2244 tus
460 2224 497 2244 ex
515 2225 550 2244 ea
576 2212 743 2254 deportari
770 2211 870 2254 poffet
890 2212 930 2242 ad
955 2211 1189 2242 celebrandum
1206 2210 1425 2253 triumphum.
1474 2213 1556 2243 Sunt
1581 2220 1693 2244 tamen

391 2258 541 2300 exempla
558 2257 592 2289 in
606 2257 817 2289 contrarium.
841 2257 898 2288 vid
922 2256 1006 2287 infra
1025 2256 1044 2286 l.
1062 2265 1114 2295 31.
1131 2265 1157 2286 c.
1176 2265 1228 2297 49.
1252 2256 1270 2285 l.
1289 2266 1342 2296 34.
1357 2268 1384 2288 c.
1405 2266 1457 2288 10.
1473 2256 1494 2287 l.
1515 2266 1570 2298 39.
1589 2268 1617 2290 c.
1633 2257 1692 2298 38.

392 2304 452 2335 Sed
470 2304 503 2334 in
524 2303 571 2334 his
587 2303 677 2334 locus
695 2302 803 2345 potuit
821 2302 891 2334 dari
909 2301 1026 2345 gratioe.
1064 2302 1120 2341 (3)
1134 2300 1184 2331 Sic
1202 2302 1288 2332 infra
1311 2302 1336 2333 1.
1357 2311 1410 2342 30.
1429 2313 1455 2334 c.
1473 2302 1505 2334 8.
1529 2305 1608 2334 velut
1618 2305 1692 2345 jam

391 2351 532 2381 debellato.
556 2349 623 2379 vid.
643 2357 711 2379 not.
730 2357 760 2380 2.
777 2349 818 2379 ad
835 2359 864 2378 c.
881 2358 931 2387 31.
949 2347 969 2378 l.
983 2356 1037 2378 22.
1063 2347 1180 2387 ἧφι-εις
1205 2346 1237 2376 δε
1254 2346 1324 2378 not.
1343 2357 1370 2378 2.
1384 2349 1425 2379 ad
1442 2358 1468 2379 c.
1483 2356 1537 2387 55.
1551 2347 1618 2389 ejus
1634 2346 1692 2379 lib.

391 2396 448 2435 (4)
470 2394 732 2436 Triumphantes
751 2393 927 2426 ovantcsve
943 2392 1104 2424 debebant
1121 2390 1183 2422 cffe
1208 2403 1282 2423 cum
1306 2391 1467 2434 imperi03
1490 2394 1580 2434 quod
1593 2403 1691 2424 nemo

393 2451 456 2482 pro
471 2440 602 2472 consule
621 2439 673 2471 vel
687 2448 751 2482 pro
766 2446 904 2481 pretore
922 2438 1062 2469 habebat
1087 2437 1120 2467 in
1147 2436 1243 2468 urbe.
1291 2439 1366 2469 ldeo
1392 2449 1462 2469 mos
1487 2445 1558 2469 erat
1582 2445 1629 2474 ut,
1655 2439 1688 2470 &

393 2485 449 2525 qui
468 2485 536 2527 post
549 2486 659 2517 actum
675 2483 895 2526 magistratum
912 2483 1120 2524 triumphans
1133 2482 1185 2513 vel
1199 2492 1300 2514 ovans
1316 2483 1431 2515 urbem
1448 2482 1589 2514 initurus
1603 2483 1692 2523 esset,

393 2531 434 2561 dc
459 2541 498 2561 eo
519 2530 643 2562 tribuni
667 2531 708 2562 ad
727 2530 887 2571 populum
901 2530 1037 2566 ferrent,
1062 2536 1100 2559 ut
1122 2537 1161 2558 eo
1186 2528 1238 2559 die
1254 2527 1328 2560 esset
1346 2528 1393 2559 illi
1411 2527 1595 2570 imperium.
1643 2529 1692 2560 Si·

393 2575 469 2606 mile
488 2577 672 2618 exemplum
690 2576 755 2606 vid.
773 2575 896 2607 infral.
911 2585 962 2613 45.
972 2585 1001 2605 c.
1019 2582 1059 2612 35
1135 2573 1192 2613 (5)
1210 2574 1282 2604 Hoc
1299 2585 1317 2604 a
1334 2572 1692 2615 nonnullisimperato·

395 2620 485 2651 ribus
509 2621 705 2656 factitatum
730 2628 766 2652 ut
790 2631 891 2661 quum
909 2617 1188 2660 triumphantibus
1211 2618 1326 2650 urbem
1351 2617 1434 2650 inire
1457 2629 1525 2650 non
1546 2620 1694 2657 daretur,

396 2665 430 2695 in
453 2673 564 2696 monte
592 2666 736 2703 Albano,
759 2666 816 2697 ubi
841 2666 919 2696 olim
946 2664 1032 2695 Alba
1049 2662 1138 2700 urbs,
1161 2663 1415 2707 triumpharent.
1468 2668 1575 2696 Autor
1594 2664 1691 2706 hujus

396 2709 534 2753 exempli
548 2713 583 2744 C.
600 2710 750 2753 Papirius
761 2710 873 2750 Maso,
883 2721 969 2742 anno
980 2721 1011 2741 u.
1025 2720 1053 2741 c.
1065 2718 1142 2750 521.
1160 2709 1215 2759 (6)
1231 2709 1280 2741 De
1297 2709 1360 2742 hoc
1376 2709 1494 2743 sofidis
1503 2709 1691 2788 fadkolpill’lil

1621 2766 1639 2787 a
1663 2762 1695 2788 et
