1834 3099
363 146 435 188 LI
452 147 486 188 Β
504 146 538 188 Ε
556 146 597 188 R
639 145 803 188 XXVI.
852 144 888 194 C
906 146 944 187 A
961 145 1009 187 P.
1061 109 1232 209 XLIX&

129 263 287 305 sibimet
302 270 327 319 †
347 264 429 320 ipse
451 265 644 321 aequavit,
681 267 719 306 &
744 263 894 306 corona
917 263 1042 304 aurefi'
1060 278 1105 305 ac
1127 264 1296 321 triginta
1316 264 1452 309 bubus

126 323 308 363 donavit.

187 382 342 423 XLIX.
373 383 488 424 Tum
509 383 664 425 obfides
686 380 914 424 civitatium
936 380 1145 435 Hispaniae
1167 382 1304 424 vocari
1315 383 1452 439 juffit:

126 455 306 496 quorum
336 453 514 496 quantus
544 455 742 482 numerus
763 440 905 490 fuerit,
937 440 1049 495 piget
1078 440 1267 493 scribere,
1299 443 1453 498 quippe

127 514 258 554 quum
293 502 389 541 alibi
426 511 631 542 trecentos
665 500 811 549 ferme,
864 499 959 539 alibi
995 499 1272 556 septingentos
1306 502 1454 557 viginti

125 559 312 614 quinque
348 560 464 601 fuiffe
496 560 716 601 inveniam.
779 557 918 612 AEque
943 561 982 600 δε
1011 559 1087 599 alia
1124 561 1229 600 inter
1262 560 1453 602 :ludicres

125 617 370 674 discrepant.
429 619 666 660 Praefidium
687 617 895 660 Punicum
914 617 1017 658 alius
1039 619 1200 668 decem,
1232 618 1336 659 alius
1367 619 1455 674 sep-

126 686 228 728 tem,
261 678 363 719 alius
386 678 495 718 haud
515 679 607 733 plus
637 676 762 732 quum
786 674 918 718 duum
942 676 1117 717 millium
1154 676 1269 718 fuiffe
1302 677 1452 720 scribit.

125 735 259 791 Capta
298 737 394 777 alibi
426 739 569 778 decern
594 737 720 777 millia
754 736 952 790 capitum,
985 735 1080 776 alibi
1113 735 1234 790 supra
1268 736 1453 791 quinque

125 797 167 836 &
206 795 349 851 viginti
371 797 566 837 invenias.
628 795 878 850 Scorpiones
920 795 1097 851 majores
1119 795 1377 849 minoresque
1401 798 1452 837 ad

98 851 335 910 “sexaginta
357 866 497 910 captos
520 854 759 910 scripserim,
793 855 819 894 fi
841 853 1055 894 auetorem
1078 854 1277 895 Graecum
1307 854 1452 909 sequar

121 910 311 954 Silenum
343 917 432 970 (1):
467 915 492 955 fi
514 921 540 969 †
563 914 772 956 Valerium
806 913 1036 962 Antiatem,
1067 914 1271 970 majorum
1302 913 1454 969 scorpi-

123 984 253 1012 onum
286 972 350 1012 sex
373 973 517 1024 millia,
550 974 759 1014 minorum
796 972 1021 1014 tredecim:
1052 973 1154 1013 adeo
1175 974 1313 1014 nullus
1336 987 1454 1014 men-

124 1029 253 1072 tiendi
273 1032 421 1073 modus
442 1033 512 1073 est.
577 1034 642 1072 Ne
666 1034 717 1075 de
740 1031 914 1073 ducibus
936 1032 1103 1086 quidem
1127 1031 1332 1074 convenit.
1367 1033 1455 1087 ple-

123 1089 241 1144 rique
264 1091 440 1132 Laelium
471 1091 672 1147 praefuiffe
695 1091 828 1141 claffv,
861 1091 969 1140 sunt,
1000 1091 1071 1146 qui
1106 1092 1171 1132 M.
1193 1091 1368 1145 Junium
1389 1091 1454 1133 Si-

123 1150 266 1190 lanum
283 1150 434 1192 dicant.
502 1151 674 1192 Arinem
696 1151 898 1206 praefuiss'e
924 1151 1079 1192 Punico
1102 1150 1302 1205 praesidio,
1335 1151 1451 1191 dedi-

124 1219 300 1263 tumque
325 1209 540 1261 Romanis,
575 1209 722 1250 Antias
743 1209 958 1259 Valerius;
991 1210 1219 1264 Magonem
1242 1209 1310 1250 alii
1331 1209 1455 1265 scrip-

125 1278 236 1309 tores
274 1269 454 1310 tradunt.
516 1269 614 1310 Non
636 1270 687 1310 de
710 1283 883 1309 numero
905 1268 1072 1309 navium
1109 1280 1338 1323 captarum,
1370 1283 1456 1310 non

125 1328 177 1368 de
198 1329 378 1382 pondere
400 1327 488 1368 auri
506 1339 628 1382 atque
645 1328 816 1384 argenti,
853 1331 888 1369 Sc
915 1327 1094 1368 redaCtae
1123 1328 1324 1382 pecuniae,
1356 1342 1456 1369 con-

125 1387 252 1427 venit.
311 1387 357 1427 Si
391 1387 595 1441 aliquibus
618 1387 793 1427 affentiri
816 1387 969 1427 neceffe
991 1386 1064 1436 est,
1098 1386 1233 1427 media
1254 1387 1456 1428 fimillima

125 1445 232 1486 veris
254 1444 362 1487 sunt.
424 1446 622 1487 Ceterum
647 1446 805 1500 Scipio,
837 1446 991 1488 vocatis
1012 1445 1237 1498 obfidibus‚
1259 1446 1453 1501 ’primsun

127 1504 338 1546 universos
360 1503 514 1545 bonum
532 1506 717 1545 animum
739 1504 888 1545 habere
916 1505 1042 1561 justit.
1103 1505 1241 1561 Venff’
1261 1521 1316 1546 eos
1335 1506 1452 1560 inpo-

119 1564 207 1619 puli
238 1564 405 1604 Romani
428 1564 651 1621 potfstatem,
683 1565 748 1619 qui
782 1563 961 1619 beneficio,
992 1563 1106 1619 quhm
1143 1572 1258 1614 metu,
1290 1564 1453 1620 obligare

126 1622 288 1664 homines
317 1625 710 1679 malit,·exte1·asque
723 1639 768 1678 gc
770 1632 850 1663 ntes
855 1623 940 1679 fide
958 1639 1003 1663 ac
1010 1624 1183 1678 fhcietate
1202 1625 1366 1679 jmfflas
1386 1623 1454 1664 ha-

126 1683 222 1732 bere,
254 1698 369 1737 quam
390 1684 445 1722 tri
475 1685 488 1723 i
507 1683 697 1738 subjec'ms
718 1683 894 1738 servitio.
955 1682 1138 1733 Deinde,
1169 1683 1348 1738 acceptis
1380 1697 1455 1723 no-

127 1741 309 1783 minibus
351 1742 594 1791 civitatium‚
642 1741 844 1782 recensuit
879 1741 1076 1796 captivos,
1123 1751 1226 1795 quot
1257 1742 1457 1799 cujusque

127 1801 271 1856 populi
293 1801 442 1842 efl'ent:
477 1804 516 1843 &
539 1801 714 1842 nuncios
735 1801 909 1841 domum
930 1800 1051 1849 misit,
1084 1810 1130 1841 ut
1152 1802 1202 1842 ad
1234 1800 1326 1842 suos
1349 1801 1458 1856 quis-

127 1875 208 1915 que
230 1860 488 1916 recipiendos
518 1861 689 1901 veniret.
753 1860 798 1901 Si
820 1874 996 1915 quarum
1020 1858 1126 1900 forte
1148 1860 1376 1901 civitatium
1400 1862 1458 1902 le-

128 1919 213 1976 gati
253 1921 436 1970 aderant,
469 1920 526 1960 eis
561 1918 829 1975 praesentibus
862 1919 955 1960 suos
986 1918 1191 1968 restituit:
1224 1930 1457 1960 ceterorum

129 1993 270 2019 curam
287 1978 465 2034 benigne
484 1979 733 2019 tuendorum
757 1979 808 2020 C.
824 1977 1026 2019 Flaminio
1041 1976 1233 2031 quaestori
1255 1978 1454 2018 attribuit.

131 2038 244 2078 Inter
265 2037 355 2079 haec
379 2052 400 2078 e
434 2038 568 2077 medi&
600 2037 720 2080 turba
756 2036 941 2077 obsidum
978 2036 1126 2076 mulier
1159 2051 1311 2092 magno
1343 2046 1460 2088 natu,

132 2096 356 2138 Mandonii
396 2110 518 2148 uxor,
563 2096 635 2150 qui
668 2095 794 2136 frater
833 2094 1019 2136 Indibilis
1060 2095 1284 2151 Ilergetum
1322 2097 1458 2151 reguli

131 2167 235 2208 erat,
268 2155 370 2196 flens
391 2156 440 2196 ad
464 2155 588 2209 pedes
624 2154 881 2209 imperatoris
914 2153 1151 2209 procubuit,
1183 2154 1459 2209 obtestarique

131 2216 277 2270 coepit,
311 2223 356 2254 ut
378 2228 518 2254 curam
542 2214 785 2267 cultumque
806 2213 1056 2254 feminarum
1082 2212 1303 2268 impenfius
1326 2215 1462 2255 custo-

133 2274 254 2315 dibus
275 2273 598 2315 commendaret.
624 2286 754 2327 quum
776 2272 933 2328 Scipio,
966 2274 1028 2327 (2)
1056 2271 1152 2313 nihil
1165 2270 1332 2331 profec‘lh
1354 2273 1463 2331 defu-

1328 2340 1460 2375 turum

180 2465 218 2496 C.
239 2473 295 2504 49.
307 2463 363 2504 (r)
381 2462 513 2506 Scripsit
529 2461 583 2494 hic
597 2473 647 2493 res
665 2463 831 2493 Romanas
849 2472 867 2493 a
884 2461 1069 2504 primordio
1084 2462 1186 2501 urbis,
1201 2461 1278 2495 teste
1289 2463 1428 2508 Dionys.
1440 2465 1465 2497 l.

136 2520 164 2543 1.
211 2510 402 2547 Athenaeus,
425 2509 447 2541 l.
471 2519 523 2540 12.
543 2519 569 2540 c.
588 2518 637 2539 11.
653 2506 855 2539 mentionem
873 2508 951 2540 facit
969 2508 1068 2540 Sileni
1092 2508 1268 2548 Calatini,
1291 2509 1347 2552 qui
1366 2510 1465 2543 histo-

133 2555 218 2588 riam
244 2555 385 2587 Siculam
404 2553 610 2586 condiderit·
637 2564 736 2595 quem
761 2552 894 2595 quidem
918 2555 1060 2586 eundem
1090 2554 1152 2586 elle
1168 2565 1245 2586 cum
1263 2555 1326 2587 hoc
1352 2567 1463 2588 rerum

134 2603 360 2634 Romanarum
375 2600 536 2643 scxiptore
554 2599 636 2630 nihil
653 2607 754 2630 xetat
803 2601 860 2641 (2)
879 2600 994 2644 Polyb
1021 2601 1041 2632 l.
1065 2610 1118 2632 10.
1137 2611 1166 2632 c.
1200 2601 1253 2634 18.
1281 2602 1385 2635 avar&
1403 2616 1465 2647 γαο

135 2648 231 2692 ’ἔφερες
249 2661 296 2683 vri
299 2660 378 2682 ςησε
370 2661 392 2679 r
417 2654 481 2693 φεον
485 2660 615 2685 erminus,
628 2647 673 2677 ἕνα
682 2659 768 2687 μησεν
786 2659 880 2682 ava-ag
906 2654 975 2679 ελ.λ
979 2659 1031 2691 ιτῃ
1053 2661 1108 2679 των
1124 2645 1298 2682 επιτηῖειων.
1321 2649 1373 2679 καὶ
1386 2662 1413 2678 τ.
1434 2656 1464 2679 λ.

1355 2693 1465 2738 Scipio

1569 1398 1594 1446 †

1475 1495 1612 1538 Scipionis
1629 1497 1657 1526 in

1471 1543 1570 1584 obsides
1582 1542 1682 1572 huma·

1470 1591 1546 1618 nitas
1553 1614 1558 1619 .

1560 1653 1587 1703 ,Γ
