1840 3094
403 181 627 224 LIBER
656 179 816 223 XXIII.
865 181 1014 223 CAP.
1048 181 1168 222 VIII.
1579 180 1664 235 169

129 302 278 342 citatus
308 298 367 339 ira
402 299 573 347 Poenus,
605 296 897 352 comprehendi
913 296 1138 347 hominem,
1170 296 1438 350 vinctumque

130 358 279 399 attrahi
312 359 363 398 ad
403 358 441 397 se
478 356 601 413 juffit.
643 356 796 396 veritus
829 355 990 405 deinde,
1023 370 1073 395 ne
1095 356 1192 409 quid
1214 356 1318 395 inter
1355 356 1440 395 vim

130 415 351 467 tumultus,
395 428 517 469 atque
557 429 606 454 ex
647 414 919 454 concitatione
961 413 1192 454 animorum
1223 412 1442 454 inconsulti

129 475 365 516 certaminis
414 474 602 522 oriretur,
655 472 754 526 ipse,
802 472 1000 526 prremiffo
1053 472 1205 512 nuncio
1251 473 1302 511 ad
1344 472 1442 511 Ma-

130 533 240 573 rium
286 533 464 573 Blofium
503 541 719 586 praetorem
761 530 1035 584 Campanum,
1086 530 1246 584 postero
1286 529 1350 568 die
1403 529 1442 570 se

133 591 288 646 Capuae
338 590 540 638 futurum,
586 588 856 643 proficiscitur
891 602 921 644 e¹
949 588 1086 629 castris
1138 603 1234 628 cum
1278 587 1442 628 modico

132 649 330 703 praesidio.
413 648 572 688 Marius
614 647 810 687 concione
851 648 1044 687 advocata
1086 647 1226 698 edicit,
1277 656 1323 686 ut
1363 645 1443 685 fre-

132 716 305 761 quentes
341 720 436 748 cum
472 705 714 761 conjugibus
747 720 791 745 ac
821 704 957 746 liberis
991 704 1154 745 obvihm
1191 705 1296 745 irent
1326 703 1445 744 Han-

133 765 273 806 nibali.
351 765 418 805 Ab
458 764 648 804 universis
685 763 725 803 id
773 777 856 802 non
907 763 1143 804 obedienter
1183 760 1323 813 modo,
1375 762 1443 802 sed

132 823 241 864 enise*
283 825 359 878 (6),
409 822 546 863 favore
587 821 710 862 etiam
752 822 879 876 vulgi,
926 824 963 862 &
1008 822 1140 862 studio
1182 821 1336 862 visendi
1381 830 1442 860 tot

129 882 220 940 jam
241 880 424 922 vi&oriis
443 881 599 921 clarum
636 880 938 934 imperatorem,
970 879 1130 921 factum
1151 879 1221 920 est.
1282 879 1440 921 Decius

135 939 305 993 Magius
327 953 402 980 nec
423 938 585 979 obviam
615 938 788 993 egressus
810 938 886 988 est,
917 952 1010 988 nec,
1042 951 1124 993 quo
1147 939 1335 980 timorem
1369 938 1442 978 ali-

133 1011 259 1052 quem
294 1012 344 1038 ex
386 996 632 1037 conscientia
665 996 888 1050 significare
923 998 1063 1052 poffet,
1096 999 1157 1052 (7)
1193 997 1381 1051 privatim
1404 996 1442 1038 se

133 1057 294 1097 tenuit:
326 1056 368 1096 in
408 1055 499 1095 foro
539 1069 635 1095 cum
677 1054 762 1095 filio
804 1055 1097 1109 clientibusque
1139 1055 1278 1110 paucis
1318 1055 1442 1096 otiose

133 1113 415 1162 inambulavit,
446 1119 471 1153 4-
501 1114 729 1168 trepidante
767 1114 852 1154 tota
893 1114 1053 1154 civitate
1077 1115 1127 1154 ad
1158 1114 1445 1168 excipiendum

126 1173 314 1214 Poenum
352 1171 658 1226 visendumque.
721 1171 946 1220 Hannibal,
977 1173 1170 1226 ingressus
1198 1173 1356 1222 urbem,
1387 1171 1447 1212 se-

136 1241 281 1272 natum
314 1232 519 1285 extemplo
556 1230 732 1284 postulat
753 1232 830 1284 (8),
862 1230 1200 1284 precantibusque
1233 1231 1329 1271 inde
1365 1231 1447 1285 pri-

137 1289 319 1330 moribus
341 1288 662 1344 Campanorum,
694 1302 744 1327 ne
767 1288 865 1341 quid
884 1302 931 1329 eo
953 1289 1018 1329 die
1040 1289 1150 1330 seriae
1171 1289 1229 1329 rei
1251 1291 1312 1344 (9)
1334 1303 1448 1343 gere-

137 1357 215 1397 ret,
246 1347 438 1401 diemque
460 1357 505 1387 ut
525 1346 606 1401 ipse
628 1348 805 1386 adventu
836 1346 908 1388 suo
941 1347 1090 1388 festum
1111 1348 1228 1388 laetus
1250 1362 1295 1388 ac
1317 1347 1447 1388 libens

134 1405 385 1454 celebraret3
429 1419 665 1459 quanquam
704 1418 883 1459 praeceps
919 1406 1083 1461 ingenio
1124 1405 1165 1445 in
1206 1406 1308 1446 iram
1347 1415 1449 1458 erat,

137 1474 291 1513 tamen,
323 1477 373 1503 ne
391 1464 490 1517 quid
521 1464 563 1502 in
599 1463 799 1517 principio
822 1475 1002 1519 negaret,
1033 1464 1195 1504 visenda
1217 1463 1315 1504 urbe
1335 1477 1449 1520 mag—

138 1537 236 1564 nam
257 1522 337 1562 diei
358 1531 516 1576 partem
538 1521 797 1575 consumpsit.

196 1580 316 1621 VIII.
350 1583 413 1635 (ι)
443 1580 691 1620 Deversatus
713 1579 770 1620 est
793 1580 901 1634 apud
933 1580 1111 1621 Ninnios
1147 1580 1327 1633 Celeres,
1355 1581 1450 1623 Ste-

136 1639 256 1681 nium
277 1638 603 1692 Pacuviumque,
635 1639 809 1694 inclytos
831 1639 1041 1679 nobilitate
1076 1654 1122 1680 ac
1159 1640 1321 1681 divitiis.
1385 1639 1448 1680 Εὸ

137 1697 340 1740 Pacuvius
376 1695 582 1747 Calavius,
614 1698 663 1737 de
699 1711 782 1751 quo
815 1696 908 1738 ante
944 1697 1105 1738 dietum
1146 1698 1217 1747 est,
1260 1698 1450 1753 princeps

137 1756 331 1798 factionis
352 1756 458 1811 ejus,
489 1769 582 1809 quae
604 1758 667 1803 (2)
699 1766 878 1796 traxerat
913 1770 999 1796 rem
1036 1757 1087 1796 ad
1117 1758 1284 1806 Poenos,
1316 1756 1449 1797 filium

132 1816 333 1878 juvenem
366 1813 552 1862 adduxit,
583 1813 834 1854 abstraCfflm
868 1814 937 1855 abs
975 1814 1098 1856 Decii
1138 1815 1273 1871 Magii
1307 1816 1449 1865 latere,

140 1887 237 1914 cum
277 1886 360 1927 quo
400 1871 642 1912 ferociffime*
681 1886 756 1926 pro
797 1872 988 1913 Romana
1029 1872 1217 1914 societate
1259 1872 1450 1914 adversus

140 1930 347 1972 Punicum
386 1929 525 1970 foedus
566 1930 758 1979 steterat;
810 1945 886 1972 nec
926 1945 1021 1971 eum
1058 1940 1128 1971 aut
1173 1931 1365 1973 inclinata
1406 1933 1448 1972 in

139 1999 299 2045 partem
320 1990 488 2029 alteram
505 1988 660 2038 civitas,
691 1999 760 2029 aut
777 1991 904 2043 patria
924 1995 948 2042 †
964 1989 1150 2045 majestas
1171 1993 1234 2045 (3)
1255 1991 1449 2031 sententia
1469 1995 1675 2026 Pacuviusw-

137 2049 364 2102 depulerat.
425 2047 538 2088 Huic
573 2057 664 2087 tum
701 2057 815 2102 pater
845 2048 987 2104 juveni
1009 2048 1284 2089 Hannibalem
1305 2050 1449 2104 depre-
1467 2042 1643 2115 ''imiffpf‘

126 2106 274 2157 ¹cando
295 2104 440 2160 magiS,
472 2105 598 2159 quam
618 2107 845 2160 purgando,
877 2106 1064 2161 placavit,
1095 2107 1307 2161 victusque
1323 2108 1449 2162 patris
1467 2085 1674 2164 'ligffl‘xsw

139 2163 328 2220 precibus
359 2163 615 2219 lacrimisque
650 2163 774 2204 etiam
796 2165 846 2205 ad
880 2179 1044 2206 coenam
1079 2179 1174 2206 eum
1209 2181 1304 2207 cum
1336 2176 1449 2220 patre

1313 2239 1452 2267 vocari

1462 855 1532 896 Ejus
1548 855 1667 899 corfian·

1458 907 1502 935 tia
1507 925 1516 933 .

139 2318 249 2361 supra.
294 2317 351 2360 (6)
375 2318 425 2350 Sic
452 2317 539 2349 infra
566 2317 589 2348 l.
618 2327 669 2358 31.
691 2329 721 2352 c.
755 2329 804 2351 11.
827 2318 900 2350 em's?
919 2319 1074 2361 praestare.
1125 2319 1184 2362 (7)
1208 2319 1258 2352 Sic
1287 2321 1393 2353 Plaut.
1416 2321 1451 2354 in

141 2364 262 2397 Bacch.
293 2374 324 2396 2.
359 2373 391 2403 3.
423 2363 478 2395 80.
526 2364 628 2395 Nimio
655 2364 702 2395 hfc
726 2367 873 2406 privatim
891 2367 1066 2407 firvaretur
1098 2366 1214 2397 reft'izls.
1262 2367 1452 2400 Gronovius

140 2418 253 2442 autem
268 2410 374 2452 legere
392 2409 463 2440 vult
475 2411 601 2451 privato
614 2424 624 2444 ,·
652 2409 685 2440 &
701 2409 836 2441 Livium
860 2409 975 2451 saepius
990 2413 1019 2440 in
1032 2413 1154 2452 privato
1179 2410 1290 2443 dixisse
1318 2413 1453 2450 constat,

142 2465 179 2488 ut
196 2455 294 2497 supra
309 2455 330 2486 l.
346 2464 381 2496 9.
405 2465 432 2485 c.
450 2463 506 2492 27.
556 2455 695 2494 confides,
717 2457 745 2486 in
757 2457 881 2496 privato
896 2457 996 2493 abditi,
1017 2456 1153 2497 nihilpro
1169 2458 1341 2498 magtstratu
1356 2472 1451 2502 agere.

138 2501 198 2542 (8)
223 2500 257 2534 h.
275 2511 302 2532 e.
326 2499 466 2542 postulat
483 2505 520 2530 ut
536 2498 666 2530 senatus
683 2500 739 2531 fibi
756 2501 899 2531 daretur.
923 2502 960 2531 E.
1005 2500 1061 2542 (9)
1077 2500 1128 2532 Sic
1143 2501 1230 2533 infra
1248 2502 1268 2534 1.
1282 2503 1337 2535 26.
1355 2515 1381 2535 c.
1402 2515 1453 2544 17.

140 2549 182 2576 ad
197 2548 330 2588 agendum
345 2548 490 2587 quicquam
506 2546 658 2586 reiseriae.
705 2546 784 2578 Ter.
817 2544 851 2576 in
879 2547 962 2577 Eun.
994 2556 1026 2586 3.
1056 2556 1085 2587 3.
1102 2556 1130 2586 7.
1177 2549 1245 2586 Ait,
1265 2562 1323 2580 rem
1339 2552 1452 2591 firiam

140 2593 216 2623 velle
230 2605 313 2633 agere
328 2604 438 2622 mecum.

187 2637 227 2668 C.
245 2637 276 2669 8.
324 2635 383 2678 (1)
406 2636 485 2669 Vid.
511 2637 531 2678 †
556 2638 753 2678 devetfirt’um.
798 2636 855 2677 (2)
878 2635 928 2669 Sic
952 2636 1038 2676 infra
1064 2637 1086 2669 l.
1102 2647 1156 2677 24.
1181 2650 1212 2673 c.
1231 2649 1261 2670 2.
1307 2641 1393 2671 Plebs
1415 2642 1458 2672 ad

141 2682 240 2714 Poenos
253 2694 309 2715 rem
325 2683 463 2716 traheret.
478 2682 503 2715 l·
517 2691 571 2723 32.
586 2694 614 2714 c.
628 2690 682 2723 19.
697 2685 737 2714 ad
743 2683 920 2726 'Philippum
947 2685 1118 2716 trahentium
1134 2698 1190 2718 res.
1238 2684 1461 2729 (3)Depelle75

1355 2732 1458 2769 etiam
