1834 3099
400 139 638 181 LIBER
685 138 888 180 XXVIII.
933 139 1089 182 CAP.
1120 139 1195 181 111.
1612 151 1691 194 153

200 255 277 296 III.
309 255 449 311 Scipio
466 257 535 298 ubi
551 258 851 306 animadvertit,
884 257 1114 311 dissipatum
1137 257 1275 312 passim
1294 256 1466 306 bellum,

147 315 478 356 &circumferre
511 318 561 356 ad
603 316 776 371 singulas
821 315 941 356 urbes
976 331 1087 356 arma
1129 316 1279 356 diutini
1321 315 1468 371 magiS‚

146 375 272 426 quam
312 375 466 429 magni,
497 375 572 415 effe
602 375 751 429 operis,
784 385 892 414 retro
914 376 1034 415 vertit
1071 375 1162 415 iter.
1226 375 1292 414 Ne
1329 385 1468 414 tamen

148 430 332 473 hostibus
370 448 459 473 eam
494 434 742 487 relinqueret
775 433 1002 487 regionem,
1035 434 1083 474 L.
1115 433 1352 488 Scipionem
1389 432 1471 472 fra-

146 499 252 529 trem
275 506 370 531 cum
393 493 535 533 decern
559 491 738 531 millibus
753 492 954 557 peditum,
989 495 1026 534 &
1049 492 1160 531 mille
1183 492 1387 546 equitum,
1420 492 1470 532 ad

146 552 467 614 oppugnandam
481 550 854 616 opulentissimam
846 565 886 589 1n
904 551 952 591 iis
969 551 1069 591 locis
1087 550 1227 590 urbem
1238 553 1328 604 ,(1)
1346 550 1473 590 Orin-
1496 563 1699 606 oringisaL.

145 608 218 662 gin
254 608 414 649 barbari
447 609 719 664 appellabant,
751 609 891 648 mittit.
953 609 1071 649 Sita
1063 623 1105 648 m
1128 609 1344 649 Melefi'um
1383 608 1474 648 fini-
1494 610 1620 652 Sipione
1635 619 1701 651 suf*

147 665 224 706 bus
241 667 299 707 est
321 668 516 722 Hispanae
543 667 689 722 gentis.
727 682 823 722 ager
862 667 1050 722 frugifer.
1091 677 1306 722 argentum
1350 662 1503 708 etiam¹

146 724 293 766 incolae
330 726 508 767 fodiunt.
547 741 593 766 ea
627 741 697 766 arx
735 726 814 766 fuit
845 725 1093 766 Hasdrubali
1128 727 1178 766 ad
1210 727 1473 767 excursiones

148 783 256 824 circa
279 785 318 825 in
342 786 660 826 mediterraneos
682 786 856 839 populos
872 784 1094 825 faciendas.
1157 784 1312 838 Scipio,
1336 783 1476 825 castris

147 856 275 897 prope
298 844 440 884 urbem
455 843 611 899 politis,
632 844 868 899 priusquam
887 846 949 898 (2)
971 844 1296 884 circumvallaret
1313 843 1477 894 urbem,

148 901 255 941 mifit
271 903 321 942 ad
344 912 496 957 portas,
529 903 600 957 qui
623 917 671 943 ex
695 903 928 968 propinquo
951 902 1131 956 alloquio
1153 901 1312 942 animos
1345 911 1479 943 tenta-

147 969 253 1008 rent,
306 961 621 1016 suaderentque,
669 972 714 1001 ut
751 962 973 1001 amicitiam
1011 958 1162 1016 potius,
1215 975 1341 1015 quam
1377 961 1479 1013 vim,

147 1019 432 1073 experirentur
464 1021 768 1061 Romanorum.
830 1020 922 1061 Ubi
950 1019 1051 1060 nihil
1083 1020 1215 1074 pacati
1257 1020 1479 1074 responde-

147 1076 283 1128 batur,
333 1079 438 1120 fossa
478 1080 716 1134 duplicique
749 1080 855 1119 vallo
892 1079 1144 1119 circumdata
1173 1078 1287 1127 urbe,
1322 1080 1363 1118 in
1396 1088 1479 1120 tres

149 1145 285 1190 partes
317 1138 543 1178 exercitum
587 1138 758 1178 dividit:
792 1148 836 1178 ut
875 1153 955 1178 una
996 1137 1155 1192 semper
1187 1152 1296 1192 pars,
1329 1138 1480 1191 quietis

147 1195 314 1235 interim
334 1197 508 1246 duabus,
540 1207 810 1253 oppugnaret.
875 1196 1014 1237 Prima
1047 1211 1139 1251 pars
1172 1211 1301 1250 quum
1338 1197 1480 1238 adorta

151 1268 392 1311 oppugnare
426 1257 498 1306 est,
531 1267 649 1297 atrox
673 1254 764 1296 sane
789 1258 827 1296 8<
853 1270 1002 1310 anceps
1034 1255 1229 1309 proelium
1253 1255 1361 1295 fuit:
1393 1270 1477 1296 non

150 1312 300 1363 subire,
332 1329 414 1355 non
438 1315 561 1356 scalas
590 1315 696 1355 ferre
732 1315 780 1354 ad
804 1329 944 1355 muros
979 1329 1061 1368 prae
1084 1313 1360 1355 incidentibus
1388 1315 1478 1355 telis

151 1370 272 1412 facile
309 1383 408 1413 erat.
433 1376 474 1415 δι’
499 1376 602 1429 jam,
636 1374 706 1427 qui
728 1383 941 1413 erexerant
976 1374 1026 1413 ad
1049 1387 1215 1413 murum
1239 1373 1378 1425 scalas,
1410 1373 1479 1413 alii

149 1429 279 1472 furcis
298 1432 348 1471 ad
369 1432 410 1472 id
428 1432 559 1486 ipsum
579 1432 700 1473 factis
717 1431 1055 1480 detrudebantur3
1079 1432 1119 1472 in
1143 1432 1241 1472 alios
1260 1432 1480 1486 lupi(3)su—

150 1493 278 1544 perne?
305 1490 427 1531 ferrei
450 1491 609 1548 injetffi,
643 1501 688 1532 ut
717 1491 757 1530 in
779 1491 963 1545 periculo
997 1491 1136 1540 essent,
1168 1505 1218 1530 ne
1241 1490 1413 1545 suspensi
1437 1491 1480 1530 in

149 1562 318 1590 murum
359 1550 685 1592 extraherentur.
726 1551 839 1604 quod
879 1549 949 1590 ubi
992 1549 1280 1589 animadvertit
1321 1550 1480 1604 Scipio,

151 1608 278 1649 nimia
294 1610 498 1665 paucitate
517 1610 682 1650 suorum
705 1619 966 1663 exaequatum
984 1619 1191 1649 certamen
1208 1609 1299 1658 effe,
1335 1611 1374 1650 &z
1392 1610 1480 1664 jam

151 1681 202 1708 eo
229 1668 416 1724 superare
452 1669 628 1719 hostem,
661 1667 774 1723 quod
811 1683 865 1709 cx
901 1682 1021 1708 muro
1058 1678 1290 1723 pugnaret;
1322 1667 1482 1708 duabus

150 1726 268 1768 fimul
290 1728 487 1783 partibus,
518 1729 649 1797 prima
662 1729 840 1782 recepta,
870 1726 1014 1768 urbem
1037 1726 1094 1767 est
1117 1727 1334 1782 aggreffus.
1372 1727 1482 1769 Ouae

149 1800 215 1828 res
231 1796 392 1828 tantum
407 1789 567 1843 pavoris
589 1788 728 1854 injecit
747 1787 948 1843 fessisjam
971 1800 1066 1826 cum
1083 1785 1226 1840 primis
1242 1787 1483 1840 pugnando,

153 1855 199 1886 ut
221 1849 263 1889 &
291 1847 486 1901 oppidani
509 1849 664 1887 moenia
685 1846 897 1901 repentina
925 1844 1024 1900 fuga
1046 1844 1301 1884 desererent:
1336 1846 1376 1885 δι’
1399 1844 1483 1884 Pu-

154 1905 296 1945 nicum
333 1906 564 1960 praesidium
595 1916 724 1954 metu,
772 1920 822 1945 ne
851 1903 1011 1959 prodita
1054 1901 1150 1943 urbs
1186 1902 1295 1951 esset,
1327 1902 1482 1943 reliCtis

153 1962 394 2004 stationibus
416 1967 480 2018 (4)
501 1965 543 2004 in
566 1978 696 2004 unum
720 1963 757 2003 se
779 1964 1002 2018 colligeret.
1061 1960 1210 2001 Timor
1241 1961 1336 2001 inde
1365 1962 1483 2015 oppi-

156 2023 284 2063 danos
307 2022 477 2074 incessit,
510 2037 576 2073 ne,
610 2023 635 2062 fi
659 2022 784 2062 hostis
821 2022 964 2061 urbem
997 2019 1192 2069 intrasset,
1225 2019 1306 2059 {ine
1342 2019 1483 2060 discri-

155 2082 283 2131 mine,
315 2081 472 2123 Poenus
495 2096 547 2121 an
564 2081 774 2135 Hispanus
787 2080 897 2130 estet,
929 2078 1038 2119 obvii
1055 2078 1194 2133 paflim
1211 2079 1481 2119 caederentur.

154 2139 309 2195 itaque,
339 2139 547 2195 patefaCta
562 2143 731 2195 repente
744 2140 879 2194 porta,
910 2138 1147 2192 frequentes
1163 2151 1213 2177 ex
1234 2137 1386 2192 oppido
1401 2137 1482 2178 sese

1255 2206 1481 2252 ejecerunt,

207 2334 246 2364 C.
269 2342 299 2372 3.
318 2333 375 2374 (ι)
401 2333 524 2363 Eadem
551 2330 683 2363 videtur
699 2330 760 2363 esse
778 2330 867 2368 urbs,
890 2340 988 2371 quam
1008 2331 1156 2373 Auringen
1185 2328 1317 2361 vocavit
1341 2328 1441 2371 supra
1458 2328 1482 2361 l.

162 2388 218 2417 24.
236 2390 264 2410 c.
284 2387 339 2416 42.
370 2379 460 2410 haud
477 2378 593 2420 procul
611 2389 629 2409 a
650 2377 795 2409 Munda,
847 2377 902 2418 (2)
929 2377 1002 2407 Hoc
1020 2376 1158 2407 verbum
1176 2375 1321 2407 occurrit
1336 2375 1435 2418 supra
1464 2375 1485 2406 l.

159 2435 195 2462 4.
221 2436 248 2456 c.
277 2433 308 2465 9.
326 2424 348 2455 l.
372 2434 425 2456 10.
444 2435 474 2455 c.
500 2433 557 2463 35.
580 2422 668 2454 iufra
692 2423 712 2453 l.
741 2433 795 2462 43.
824 2433 855 2453 c.
887 2431 938 2463 19.
985 2423 1152 2463 Alloquimn
1169 2422 1270 2464 supra
1287 2421 1309 2452 1.
1334 2431 1360 2452 1.
1377 2432 1406 2453 c.
1427 2431 1483 2461 34.

159 2471 218 2512 (3)
241 2472 342 2512 Lupus
359 2470 612 2503 instrumentum
637 2470 784 2500 ferreum
808 2468 984 2505 aduncum,
1009 2477 1077 2507 quo
1095 2467 1179 2505 ⁴vasa,
1203 2478 1273 2509 quae
1296 2466 1330 2498 in
1348 2475 1485 2509 puteum

161 2518 248 2548 forte
280 2515 480 2554 ceciderunt,
506 2515 736 2546 extrahuntur.
784 2514 922 2556 Harpax
941 2515 1056 2544 Graeco
1075 2513 1250 2547 vocabulo„
1273 2514 1304 2543 &
1324 2514 1485 2555 Harpago

161 2561 362 2595 nominatur.
411 2562 466 2605 (4)
490 2560 588 2593 Livio
605 2559 849 2595 familiariffima
865 2560 909 2592 est
940 2558 1063 2591 locutio
1079 2561 1107 2591 in
1127 2572 1210 2591 unum
1237 2559 1381 2603 collegere.
1428 2559 1485 2590 Ad

1347 2605 1486 2640 eandem
