1840 3094
484 221 713 265 LIBER
749 219 868 263 XXI.
907 221 1061 264 CAP.
1099 222 1193 263 LII.

179 349 277 380 tum
293 338 475 380 exercitu
494 338 566 380 suo
578 338 791 395 profefitus
812 338 864 378 ad
890 336 1087 379 Trebiam
1108 338 1285 395 flumen,
1320 338 1491 393 college

179 399 460 454 conjungitur.
1301 402 1307 406 '

237 457 331 497 LII.
360 457 454 510 Jam
473 455 593 496 ambo
615 455 894 509 consules(1)‚
918 457 957 495 8<
982 453 1179 508 quicquid
1202 456 1489 495 Romanarum

172 512 328 554 virium
348 526 451 566 erat,
482 514 706 554 Hannibali
725 514 969 568 oppositum,
1001 525 1070 553 aut
1087 514 1166 553 illis
1181 514 1308 567 copiis
1322 513 1489 553 defendi

174 573 284 625 posse
307 573 547 614 Romanum
577 572 810 627 imperium,
841 582 911 612 aut
946 573 1056 626 spem
1079 572 1234 612 nullam
1255 573 1374 612 aliam
1395 572 1488 620 effe,

174 629 269 671 satis
285 631 527 672 declarabat.
599 631 761 672 Tamen
799 631 941 672 consul
975 632 1094 683 alter,
1123 630 1299 684 equestri
1338 630 1488 684 proelio

176 702 261 729 uno
285 693 327 732 &
348 692 514 731 vulnere
537 689 609 730 suo
631 691 815 730 minutus
838 691 914 745 (2),
947 689 1051 729 trahi
1076 703 1163 729 rem
1192 688 1367 729 malebat
1386 703 1394 728 :
1425 702 1489 727 re-

172 748 304 788 centis
336 749 462 796 animi
482 749 644 803 alter‚‡
673 762 804 803 eoque
826 748 1018 798 ferocior,
1059 748 1214 788 nullam
1248 747 1489 787 dilationem

171 806 416 860 patiebatur.
480 807 611 865 Qod
650 807 756 848 inter
783 806 978 847 Trebiam
1009 806 1252 860 Padumque
1289 805 1374 861 agri
1413 803 1488 852 est,

172 863 289 905 Galli
308 875 396 906 tum
418 866 650 911 incolebant
668 883 680 915 ς
711 866 753 905 in
785 866 961 905 duorum
982 865 1296 920 praepotentium
1316 864 1491 918 populo-

171 935 267 962 rum
283 925 521 973 certamine,
541 939 613 979 per
627 924 866 980 ambiguum
883 920 1065 964 favorem
1097 926 1176 979 (3),
1220 923 1331 964 haud
1365 919 1490 965 dubis}

170 981 348 1035 gratiam
368 983 535 1024 vidioris
568 981 811 1038 speetantes.
885 983 932 1022 Id
967 983 1163 1032 Romani,
1202 984 1264 1036 (4)
1300 994 1351 1021 ne
1387 980 1489 1034 quid

171 1037 300 1080 modo
337 1051 564 1091 moverent,
585 1049 588 1051 ’
608 1055 729 1095 aequo
770 1040 879 1090 satis,
909 1041 1066 1081 Poenus
1093 1041 1309 1094 periniquo
1348 1040 1488 1079 animo

171 1096 344 1149 ferebat,
375 1099 425 1141 ab
448 1100 584 1141 Gallis
605 1100 786 1141 accitum
811 1099 849 1139 se
880 1100 1027 1140 venifl'e
1062 1101 1112 1139 ad
1147 1099 1380 1140 liberandos
1401 1111 1488 1145 eos,

168 1155 406 1199 diffitansq
442 1158 512 1199 Ob
536 1152 633 1202 'eam
655 1162 718 1213 (ς)
740 1159 858 1209 iram,
905 1158 1022 1198 fimul
1063 1168 1109 1198 ut
1139 1158 1277 1212 praeda
1311 1156 1487 1196 militem

168 1215 311 1266 aleret,
348 1218 431 1257 duo
461 1218 588 1258 millia
625 1218 810 1276 peditum
855 1219 894 1257 ἃ
924 1217 1036 1256 mille
1076 1217 1249 1270 equites,
1280 1215 1486 1256 Numidas

168 1273 400 1331 plerosque,
451 1275 601 1317 mixtos
626 1282 631 1288 ’
651 1275 851 1330 quosdam
893 1277 937 1316 &
977 1275 1137 1324 Gallos,
1181 1274 1367 1329 populari
1396 1288 1487 1313 om-

169 1345 266 1372 nem
286 1334 517 1388 †deinceps
538 1349 682 1389 agrum
701 1333 827 1387 usque
849 1334 900 1372 ad
917 1333 1015 1374 Padi
1033 1333 1272 1389 ripasjussit.
1307 1332 1486 1387 Egentes

166 1403 247 1444 ope
260 1391 390 1441 Galli,
408 1406 537 1445 quum
558 1393 607 1432 ad
630 1393 669 1433 id
686 1395 747 1447 (0)
763 1391 909 1432 dubios
931 1391 1142 1432 servafl'ent
1160 1392 1335 1442 animos,
1351 1390 1486 1430 coaffl

164 1447 218 1489 ab
239 1449 477 1492 au&oribus
499 1444 661 1506 injuriae
681 1451 732 1490 ad
753 1450 934 1496 vindices
965 1449 1128 1490 futuros
1159 1449 1365 1490 declinant
1387 1464 1397 1488 z
1427 1449 1485 1488 le-

162 1506 348 1562 gatisque
378 1509 430 1549 ad
464 1508 672 1550 consulem
694 1510 755 1564 (7)
776 1507 915 1558 missis,
956 1508 1154 1548 auxilium
1195 1508 1486 1547 Romanorum

164 1574 299 1616 terrae,
330 1565 382 1607 ob
404 1567 575 1608 nimiam
595 1567 802 1616 ,cultorum
823 1565 948 1607 fidem
969 1566 1012 1606 in
1033 1566 1247 1606 Romanos
1266 1564 1483 1613 laboranti,

163 1634 297 1664 orant.
377 1624 573 1667 Cornelio
594 1618 689 1666 ⁸nec
731 1625 865 1680 causa,
907 1639 984 1673 nec
1019 1634 1181 1680 tempus
1214 1625 1382 1679 agendae
1422 1625 1484 1664 rei

161 1681 374 1737 placebat:
394 1684 659 1739 suspetfi‘taque
680 1684 716 1723 ei
738 1678 839 1739 gene
859 1693 962 1735 erat,
993 1698 1123 1737 quum
1136 1683 1188 1723 ob
1205 1683 1331 1723 infida
1350 1683 1481 1723 multa

161 1739 364 1793 facinora,
396 1752 501 1793 tum,
522 1746 585 1797 (8)
608 1753 654 1782 ut
673 1743 750 1782 alia
770 1741 968 1784 vetustate
999 1741 1292 1791 obsoleviffent,
1322 1740 1376 1782 ob
1416 1756 1482 1781 re-

161 1809 326 1841 centem
355 1802 553 1856 Bojorum
575 1801 802 1856 perfidiam.
824 1800 827 1801 ⁷
864 1800 1132 1856 Sempronius
1159 1798 1316 1849 contra,
1347 1801 1481 1840 conti—

161 1859 309 1908 nendis
330 1859 372 1899 in
395 1859 476 1900 fide
498 1860 615 1902 sociis
646 1859 875 1900 maximum
896 1859 1109 1901 vinculum
1130 1860 1205 1900 effe
1222 1862 1286 1914 (9)
1307 1859 1478 1913 primos,

159 1916 233 1970 qui
269 1918 466 1973 eguissent
506 1933 600 1972 ope,
646 1918 852 1968 defensos,
883 1918 1084 1959 censebat.
1155 1919 1286 1968 Tum,
1321 1918 1477 1972 collega

156 1975 398 2028 cunCtante,
410 1977 639 2034 equitatum
656 1977 791 2039 suum,
805 1977 915 2018 mille
927 1977 1115 2033 peditum
1134 1995 1149 2035 g
1162 1991 1176 2018 1
1186 1981 1230 2032 0)
1239 1977 1479 2076 jaculatssri-

448 2052 453 2057 ·
928 2045 935 2053 ·’
1430 2049 1478 2077 us

159 2162 249 2194 mam
264 2153 420 2196 explevit,
443 2161 482 2187 ut
505 2152 658 2196 loquitur
681 2154 790 2192 noster
807 2153 906 2197 supra
929 2155 951 2186 1.
970 2165 999 2187 2.
1016 2165 1043 2186 e.
1064 2167 1091 2187 i.
1104 2153 1154 2187 Sic
1172 2153 1258 2187 infra
1273 2155 1297 2188 1.
1312 2154 1402 2195 38.C.
1417 2164 1474 2194 24.

155 2211 239 2243 quum
253 2212 354 2231 aurum
367 2201 539 2244 qstendcrent,
559 2203 633 2243 quod
630 2203 777 2241 ficm'mam
792 2204 900 2232 talenti
913 2204 1007 2232 Attici
1020 2201 1157 2244 expleret.
1169 2203 1203 2231 E.

204 2263 244 2294 C.
260 2271 314 2301 52.
339 2263 397 2305 (1)
420 2265 468 2296 Ex
484 2275 535 2302 eo,
549 2264 640 2305 qubd
654 2265 721 2306 jam
738 2265 836 2296 ambo
853 2265 1001 2297 consules
1018 2264 1160 2307 oppositi
1173 2272 1266 2296 erant
1281 2263 1474 2303 Hannibali,

154 2313 299 2349 totaeque
315 2308 430 2340 itidem
445 2309 532 2342 vires
554 2311 719 2348 Romanae,
740 2310 815 2341 satis
847 2311 1027 2352 apparebat
1052 2318 1109 2341 aut
1127 2311 1190 2341 ἃς.
1240 2312 1290 2342 De
1306 2309 1471 2343 construc-

155 2352 247 2385 tione
264 2355 408 2397 oppffitum
432 2377 441 2384 .
468 2379 476 2386 .
498 2359 513 2386 ·.
537 2355 789 2396 ᾰειίᾳναόαι,νίἀ.
809 2364 880 2387 not.
898 2367 924 2387 1.
942 2358 982 2387 ad
1000 2368 1025 2388 c.
1042 2355 1135 2395 53.1.
1157 2365 1184 2386 1.
1199 2354 1309 2397 supra.
1329 2357 1365 2386 E.
1414 2358 1472 2398 (2)

154 2397 188 2430 h.
207 2409 234 2431 e.
248 2399 361 2431 animo
376 2400 512 2437 fractus,
533 2399 796 2432 seudebilitatus.
834 2401 983 2433 'Locutio
1011 2414 1029 2433 a
1055 2403 1178 2432 Graecis
1209 2400 1345 2444 sumpta.
1367 2403 1469 2433 Hom·

156 2444 191 2474 ll.
210 2447 253 2476 Ο.
280 2456 310 2475 ν.
323 2454 402 2485 492·
421 2443 591 2480 ’113’512-1205
605 2447 762 2487 μινυθῃτε,
784 2460 836 2477 και
861 2449 899 2478 ἐκ
928 2448 1052 2480 {Amnem
1069 2449 1193 2486 ἀμυνειν·
1209 2448 1271 2480 Ὠς
1286 2461 1329 2478 νυν
1340 2454 1470 2491 Αςγειω·

154 2493 260 2529 ‘amuda
281 2491 387 2531 pesv&.
440 2490 518 2532 (3)
538 2492 574 2522 In
592 2489 683 2522 simili
707 2502 741 2522 re
758 2491 841 2523 dixit
868 2493 967 2533 supra
995 2493 1015 2524 l.
1041 2503 1072 2524 1.
1099 2502 1127 2523 c.
1158 2501 1213 2531 27.
1235 2494 1384 2536 confilium,
1412 2492 1470 2534 qm'v'

140 2538 272 2578 fortuna
289 2549 346 2566 rem
362 2538 455 2574 daret,
467 2536 500 2567 eli
515 2532 763 2567 inclinare'vires.
779 2536 885 2579 Suprfi.
903 2537 925 2568 l.
939 2536 968 2568 6.
985 2549 1014 2570 c.
1024 2547 1203 2580 2.mmquc1m
1217 2539 1350 2581 (11)ιύιὲηᾶ
1352 2539 1467 2582 fide-E.

153 2581 212 2621 (4)
230 2581 402 2619 Contenti,
416 2583 519 2614 modo
537 2582 559 2613 fi
578 2581 664 2613 Galli
681 2581 828 2623 quietem
854 2591 999 2625 agerent.
1043 2585 1100 2625 (5)
1122 2585 1173 2615 Ea
1192 2587 1241 2614 ira
1259 2584 1304 2615 est
1319 2587 1368 2616 ira
1382 2586 1414 2615 ob
1423 2587 1466 2618 id.

152 2627 297 2659 Locutio
326 2626 435 2658 fimilis
454 2642 496 2668 τῳ
511 2630 593 2668 †ira
616 2629 802 2672 quaestionum.
816 2629 855 2660 E.
903 2628 961 2670 (6)
977 2629 1011 2660 h.
1024 2623 1052 2661 e.
1075 2629 1177 2670 usque
1200 2630 1242 2660 ad
1266 2629 1301 2661 id
1326 2638 1465 2672 tempus.

150 2672 210 2714 (7)
227 2672 417 2705 Cornelium
437 2686 444 2705 z
471 2674 586 2705 forsan
608 2673 683 2714 quia
708 2672 791 2714 nihil
803 2674 883 2705 dum
899 2675 940 2706 de
957 2675 1140 2717 Sempronii
1161 2675 1303 2707 adventu
1319 2675 1465 2707 sciebant

151 2717 253 2750 Galli.
301 2717 595 2750 Drakenborchius
606 2726 714 2751 autem
731 2719 905 2761 legendum
922 2728 1017 2762 putat
1032 2722 1163 2761 consules.
1207 2720 1264 2763 (8)
1280 2721 1311 2752 h.
1329 2731 1356 2752 e.
1371 2720 1393 2751 fi
1412 2721 1464 2751 vel

151 2763 304 2795 maxime.
345 2763 421 2795 Vid.
437 2766 457 2804 †
472 2772 503 2795 ut
516 2775 578 2806 pro
588 2764 678 2797 licet.
725 2765 783 2806 (9)
806 2765 839 2796 h.
857 2777 883 2798 e.
905 2766 1115 2798 defendendo
1138 2765 1274 2810 primos,
1288 2765 1344 2807 qui
1360 2766 1464 2807 eguis-

147 2808 221 2845 sent
239 2819 315 2854 ope,
335 2809 407 2842 fore
423 2817 459 2843 ut
474 2809 553 2844 socii
575 2808 699 2857 optime
723 2810 758 2843 in
781 2809 846 2846 fide
860 2811 1125 2846 continerentur.
1170 2811 1252 2856 (ιο)
1275 2811 1462 2842 Crevierius

1048 2864 1050 2867 ’
1288 2857 1463 2902 legendum
