1834 3099
163 172 248 209 223
905 158 961 201 T.
1007 156 1230 201 ·L1v11
1278 152 1295 175 ⁴

395 287 486 320 tum
503 279 585 335 (6),
621 278 731 319 unde
748 282 772 332 ss
790 276 1011 330 accidisset,
1043 277 1201 332 (omnia
1214 290 1317 317 vana
1332 285 1508 332 augente
1523 275 1735 318 noCturno

393 339 598 391 tumultu)
632 336 800 378 fecisset.
861 337 1005 393 Itaque
1041 338 1154 377 velut
1189 337 1308 391 plena
1326 337 1414 391 jam
1436 335 1617 377 hostiurn
1639 347 1734 376 arce

396 396 528 438 territi
566 396 703 446 Poeni,
735 396 878 438 omisso
910 396 1152 444 certamine,
1186 396 1228 435 in
1262 396 1432 435 alteram
1454 409 1591 436 arcem
1621 396 1736 449 (duae

396 455 491 496 sunt
512 455 623 496 haud
656 457 836 496 multum
859 456 964 496 inter
987 456 1025 495 se
1047 455 1260 509 distantes)
1277 453 1542 509 confugiunt.
1599 453 1736 508 Oppi-

395 514 494 556 dani
513 514 657 555 urbem
671 514 894 566 habebant,
925 514 1149 555 victoribus
1167 514 1384 568 praemium
1408 514 1449 552 in
1460 510 1604 553 medio
1630 512 1735 567 posi-

394 584 497 614 tam.
556 574 618 614 Ex
642 573 804 615 arcibus
826 573 986 614 duabus
1019 573 1174 628 proeliis
1207 572 1394 627 quotidie
1424 572 1580 613 levibus
1602 581 1735 613 certa-

394 631 529 673 batur.
594 632 902 692 Ql'leminius
943 633 1154 681 Romano,
1188 631 1403 672 Hamilcar
1435 631 1596 671 Punico
1627 644 1735 685 prm-

395 691 494 732 srdio
516 702 689 746 praeerat
708 707 716 731 z
748 692 988 733 arcessentes
1009 706 1063 732 ex
1081 690 1323 746 propinquis
1346 689 1445 731 locis
1470 689 1641 730 subsidia
1663 703 1734 731 co-

395 750 484 805 pias
513 750 734 806 augebant.
796 750 885 806 Ipse
917 749 1126 806 postremo
1165 749 1354 790 veniebat
1389 748 1614 789 Hannibal.
1653 761 1732 790 nec

395 809 668 851 sustinuissent
704 809 904 857 Romani,
952 810 1024 849 nisi
1064 809 1330 850 Locrensium
1363 809 1603 857 multitudo,
1635 822 1732 848 exa-

392 866 558 909 cerbata
592 868 781 924 superbiri
815 879 939 923 atque
974 869 1142 909 avaritia
1163 870 1409 920 Poenorum,
1441 868 1493 908 ad
1514 867 1732 908 Romanos

391 926 630 970 inclinasset.

450 986 549 1028 VII.
579 985 765 1042 Scipioni
797 995 843 1027 ut
872 985 1116 1026 nunciatum
1138 985 1211 1035 est,
1243 985 1286 1026 in
1308 986 1463 1044 majore
1494 984 1730 1026 discrimine

389 1043 536 1086 Locris
556 1059 644 1087 rem
678 1045 795 1094 verti,
828 1044 1044 1100 ipsumque
1075 1044 1356 1085 Hannibalem
1394 1046 1641 1094 adventare3
1676 1059 1729 1097 ne

388 1104 624 1159 praesidium
646 1103 770 1145 etiam
793 1104 1108 1160 periclitaretur,
1140 1103 1252 1144 haud
1274 1103 1385 1144 facili
1414 1104 1508 1143 inde
1543 1113 1726 1158 receptu,

390 1164 428 1203 δι
457 1162 540 1218 ipse
562 1176 584 1203 a
607 1163 808 1212 Mefl'ana,
840 1163 889 1203 L.
915 1163 1110 1217 Scipione
1145 1164 1270 1203 fratre
1294 1162 1334 1203 in
1369 1162 1555 1216 praefidio
1578 1161 1634 1202 ibi
1664 1177 1730 1203 re-

385 1220 503 1266 licto,
549 1221 617 1276 (ι)
649 1236 780 1276 quum
815 1221 999 1276 primum
1034 1221 1135 1262 aestu
1172 1220 1327 1261 fretum
1368 1221 1614 1263 inclinatum
1649 1220 1728 1274 est,

386 1282 451 1335 (2)
472 1294 595 1322 naves
623 1281 727 1321 mari
753 1286 768 1332 Η
797 1281 975 1322 secundo
994 1280 1113 1321 misit.
1176 1280 1227 1320 Et
1248 1280 1474 1331 Hannibal,
1507 1296 1530 1321 a
1556 1283 1619 1336 (3)
1640 1281 1726 1321 Bu-

385 1348 495 1379 troto
516 1339 628 1380 amni
651 1339 778 1394 (haud
801 1341 945 1394 procul
977 1339 1009 1380 is
1033 1339 1084 1380 ab
1117 1339 1217 1380 urbe
1250 1339 1395 1381 Locris
1418 1340 1548 1392 abest)
1570 1339 1726 1381 nuncio

384 1398 603 1452 praemisso,
638 1409 682 1439 ut
707 1398 768 1439 sui
790 1400 879 1440 luce
898 1399 1030 1453 prima
1046 1398 1206 1439 summa
1228 1399 1266 1439 vi
1289 1399 1487 1454 proelium
1514 1413 1610 1440 cum
1634 1399 1736 1439 Roae

383 1457 517 1498 manis
540 1471 588 1499 ae
605 1456 875 1499 Locrensibus
897 1457 1174 1509 consererent,
1204 1458 1305 1498 dum
1337 1457 1436 1512 ipse,
1468 1458 1612 1499 averfis
1632 1472 1725 1498 om-

381 1515 505 1557 nibus
522 1515 564 1556 in
581 1530 679 1557 eum
693 1517 934 1567 tumultum,
965 1517 1014 1557 ab
1038 1527 1154 1572 tergo
1186 1516 1329 1557 urbem
1348 1518 1556 1558 incautam
1578 1531 1723 1573 aggre-

380 1574 564 1625 deretur,
595 1574 667 1616 ubi
696 1577 787 1616 luce
825 1586 1007 1631 coeptam
1041 1576 1198 1616 invenit
1230 1590 1429 1632 pugnam,
1461 1576 1545 1631 ipse
1566 1590 1643 1617 nec
1677 1577 1722 1617 in

382 1647 520 1674 arcem
543 1633 581 1674 se
603 1634 829 1684 includere,
863 1637 924 1690 (4)
945 1634 1064 1675 turba
1080 1636 1218 1675 locum
1235 1642 1408 1689 †artum
1429 1635 1719 1691 impediturus,

381 1691 540 1740 voluit3
573 1705 708 1747 neque
739 1692 879 1743 scalas,
911 1693 1062 1747 quibus
1084 1694 1295 1735 scanderet
1320 1709 1478 1744 muros,
1510 1695 1716 1737 attulerat.

381 1749 547 1791 sarcinis
578 1751 620 1790 in
642 1764 835 1792 acervum
856 1752 1074 1808 conjectis,
1105 1767 1234 1806 quum
1267 1752 1379 1793 haud
1411 1755 1554 1808 procul
1587 1753 1719 1794 muris

381 1809 433 1850 ad
467 1819 667 1850 terrorem
702 1809 884 1851 hostium
920 1811 1052 1851 aciem
1092 1811 1342 1865 ostendifl'et,
1374 1827 1472 1854 cum
1507 1813 1717 1867 equitibus

1516 1871 1716 1913 Numidis

381 1993 419 2019 ut
453 1985 538 2019 nihil
569 1986 633 2020 tale
661 1995 858 2022 metuentes.
905 1988 963 2031 (6)
979 1989 1093 2033 Fesiffit
1124 1991 1260 2021 incertum
1292 1999 1411 2032 nempe
1428 1987 1548 2023 Panis.
1595 1989 1648 2022 Sic
1665 1989 1716 2021 in-

381 2034 434 2064 fra
448 2033 469 2064 l·
485 2044 541 2071 41.
558 2044 588 2066 c.
604 2043 636 2068 2.
662 2038 831 2076 «concursatio
847 2040 876 2067 in
892 2038 1006 2077 obscuro
1022 2039 1200 2068 incidentium
1216 2038 1338 2067 alivum
1361 2041 1390 2067 in
1403 2039 1473 2068 alios
1490 2040 1626 2068 incertum
1632 2039 1715 2079 seae-

379 2086 442 2115 rat,
464 2092 501 2110 an
520 2080 601 2123 hessi:
617 2083 696 2111 intra
709 2083 820 2112 vallum
835 2082 907 2124 eſj'et.

427 2125 470 2156 C.
491 2134 523 2164 7.
549 2127 606 2166 (ι)
632 2127 746 2170 Qum
765 2127 909 2169 primum
938 2126 1015 2158 freti
1039 2136 1134 2168 aquae
1166 2125 1238 2159 aestu
1257 2125 1400 2169 propelli
1427 2125 1462 2157 in
1489 2137 1561 2159 eam
1581 2135 1711 2170 partem

379 2177 491 2211 coeptae
508 2170 598 2208 sunt,
621 2173 732 2203 verius
746 2183 848 2213 quam
864 2172 1010 2214 Scipioni
1028 2171 1252 2213 navigandum
1265 2181 1349 2205 erat.
1394 2172 1454 2213 (2)
1469 2173 1580 2205 Naves
1603 2173 1712 2206 feren·

378 2217 435 2246 das
450 2215 595 2257 permisit
613 2217 696 2248 mari
715 2218 873 2250 secundo.
919 2220 961 2249 Et
976 2217 1213 2260 intelligendus
1224 2218 1268 2249 est
1285 2218 1352 2260 ipse
1364 2217 1475 2260 Scipio
1502 2218 1553 2250 his
1569 2219 1723 2253 navibus.

377 2259 492 2292 v'edtus
510 2260 618 2294 fuisse.
664 2265 721 2304 (3)
736 2263 927 2296 Gronovius
944 2264 1098 2296 emendat
1116 2264 1152 2294 ab
1172 2266 1255 2295 alm
1283 2266 1383 2299 amm',·
1411 2264 1469 2304 qui
1486 2263 1606 2296 fluvius
1623 2264 1657 2296 in
1672 2265 1710 2296 ea

375 2306 510 2348 regione
540 2317 746 2340 memoratur
763 2321 781 2341 a
796 2309 958 2341 strabone
985 2311 1018 2340 Sc
1035 2308 1248 2352 Thucydide.
1296 2311 1424 2341 Eodem
1454 2311 1486 2341 &
1503 2310 1632 2342 codices
1646 2312 1709 2342 du.-

374 2360 465 2383 cunt.
516 2354 574 2394 (4)
591 2355 698 2396 Supdt
712 2355 731 2385 Ι.
748 2356 779 2387 6.
797 2365 823 2386 c.
844 2356 877 2387 8.
897 2353 983 2386 turb&
999 2356 1111 2399 bestium
1132 2356 1259 2398 &fuga
1283 2356 1496 2398 impediebatur.
1547 2357 1639 2398 Saepe
1655 2359 1709 2386 im-

367 2400 466 2439 pedita
480 2398 641 2430 dicuntur
665 2403 735 2438 loca,
745 2402 853 2444 βίοι,
876 2405 932 2433 vie
961 2401 1024 2431 &a
1052 2400 1106 2431 sed
1123 2403 1245 2443 aliquem
1258 2405 1392 2443 impedire
1420 2403 1506 2432 lecum
1531 2411 1600 2432 non
1627 2400 1708 2433 alibi

372 2442 501 2473 dietum
528 2445 674 2476 memmi.
721 2448 879 2478 Ceterum
906 2446 941 2477 in
958 2444 1020 2477 hac
1046 2446 1237 2477 narratione
1255 2448 1330 2477 sunt
1348 2449 1511 2487 qua-dam,
1533 2445 1568 2478 in
1585 2446 1706 2488 quibu·

371 2497 424 2518 me
453 2488 578 2530 haerere
609 2492 728 2523 fateor.
780 2491 1018 2529 Hannibalem,
1042 2491 1099 2523 ubi
1115 2500 1232 2535 captum
1256 2496 1366 2523 invenit
1376 2501 1519 2535 pugnam,
1536 2491 1706 2534 quamip-

371 2531 433 2563 sins
455 2533 541 2575 jussu
559 2533 605 2565 sui
629 2536 861 2576 conserebant,
882 2545 919 2569 ut
953 2535 1011 2568 ille
1040 2537 1165 2568 interea
1190 2539 1284 2570 urban
1322 2541 1463 2568 incautam
1490 2541 1704 2580 aggrederetur.

370 2585 442 2608 mm
462 2578 608 2619 primum
623 2583 663 2613 de
680 2581 773 2613 scalis
791 2584 947 2625 parandfs
964 2581 1136 2624 cogitaffe;
1160 2583 1222 2614 hoc
1250 2583 1284 2614 in
1313 2584 1399 2615 duce
1415 2582 1607 2625 peritissimo
1626 2594 1703 2625 pro-

369 2622 514 2667 videque
532 2624 612 2657 mihi
632 2627 767 2670 prorsus
781 2629 904 2662 mirum
921 2626 1066 2666 ridetur.
1113 2629 1178 2661 sed
1197 2638 1304 2670 neque
1322 2629 1404 2673 quid
1420 2628 1511 2661 scalis
1527 2627 1701 2705 oppseffet

1513 2684 1575 2717 per
1593 2684 1700 2719 picere
