<?xml version="1.0" encoding="UTF-8"?>
<!DOCTYPE html PUBLIC "-//W3C//DTD XHTML 1.0 Transitional//EN"
    "http://www.w3.org/TR/xhtml1/DTD/xhtml1-transitional.dtd">
<html xmlns="http://www.w3.org/1999/xhtml" xml:lang="en" lang="en">
 <head>
  <title>
</title>
<meta http-equiv="Content-Type" content="text/html;charset=utf-8" />
  <meta name='ocr-system' content='tesseract 3.04.00' />
  <meta name='ocr-capabilities' content='ocr_page ocr_carea ocr_par ocr_line ocrx_word'/>
</head>
<body>
  <div class='ocr_page' id='page_1' title='image "./historiaeromanae02livyuoft_0529.png"; bbox 0 0 1834 3099; ppageno 0'>
   <div class='ocr_carea' id='block_1_1' title="bbox 267 118 1609 182">
    <p class='ocr_par' dir='ltr' id='par_1_1' title="bbox 267 118 1609 182">
     <span class='ocr_line' id='line_1_1' title="bbox 267 118 1609 182; baseline 0.007 -21"><span class='ocrx_word' id='word_1_1' title='bbox 267 118 497 161; x_wconf 90' lang='lat' dir='ltr'><strong>LIBER</strong></span> <span class='ocrx_word' id='word_1_2' title='bbox 544 121 725 163; x_wconf 81' lang='lat' dir='ltr'>XXVII.</span> <span class='ocrx_word' id='word_1_3' title='bbox 774 122 909 166; x_wconf 86' lang='lat' dir='ltr'>CAP</span> <span class='ocrx_word' id='word_1_4' title='bbox 966 121 1215 166; x_wconf 87' lang='lat' dir='ltr'>XXXVIII.</span> <span class='ocrx_word' id='word_1_5' title='bbox 1535 137 1609 182; x_wconf 81' lang='lat'>131</span> 
     </span>
    </p>
   </div>
   <div class='ocr_carea' id='block_1_2' title="bbox 35 229 1595 2101">
    <p class='ocr_par' dir='ltr' id='par_1_2' title="bbox 61 229 1384 453">
     <span class='ocr_line' id='line_1_2' title="bbox 63 229 1384 295; baseline 0.008 -24"><span class='ocrx_word' id='word_1_6' title='bbox 63 229 202 295; x_wconf 69' lang='lat' dir='ltr'>&#39;I&#39;usco</span> <span class='ocrx_word' id='word_1_7' title='bbox 220 235 496 291; x_wconf 78' lang='lat' dir='ltr'>Velabroque,</span> <span class='ocrx_word' id='word_1_8' title='bbox 530 253 600 292; x_wconf 89' lang='lat' dir='ltr'>per</span> <span class='ocrx_word' id='word_1_9' title='bbox 623 240 817 279; x_wconf 71' lang='lat' dir='ltr'>Boarium</span> <span class='ocrx_word' id='word_1_10' title='bbox 834 238 987 288; x_wconf 86' lang='lat' dir='ltr'>forum,</span> <span class='ocrx_word' id='word_1_11' title='bbox 1018 240 1058 279; x_wconf 91' lang='lat' dir='ltr'>in</span> <span class='ocrx_word' id='word_1_12' title='bbox 1092 240 1243 281; x_wconf 87' lang='lat' dir='ltr'>clivum</span> <span class='ocrx_word' id='word_1_13' title='bbox 1273 240 1384 282; x_wconf 87' lang='lat' dir='ltr'>Pub-</span> 
     </span>
     <span class='ocr_line' id='line_1_3' title="bbox 62 288 1382 353; baseline 0.01 -26"><span class='ocrx_word' id='word_1_14' title='bbox 62 288 204 332; x_wconf 73' lang='lat' dir='ltr'>licium</span> <span class='ocrx_word' id='word_1_15' title='bbox 228 305 350 349; x_wconf 84' lang='lat' dir='ltr'>atque</span> <span class='ocrx_word' id='word_1_16' title='bbox 383 299 510 336; x_wconf 70' lang='lat' dir='ltr'>cedem</span> <span class='ocrx_word' id='word_1_17' title='bbox 534 299 709 350; x_wconf 72' lang='lat' dir='ltr'>junonis</span> <span class='ocrx_word' id='word_1_18' title='bbox 746 298 912 353; x_wconf 67' lang='lat' dir='ltr'>Reginae</span> <span class='ocrx_word' id='word_1_19' title='bbox 941 299 1189 351; x_wconf 57' lang='lat' dir='ltr'>perrefifflm.</span> <span class='ocrx_word' id='word_1_20' title='bbox 1215 300 1269 339; x_wconf 86' lang='lat' dir='ltr'>ibi</span> <span class='ocrx_word' id='word_1_21' title='bbox 1290 301 1382 341; x_wconf 83' lang='lat' dir='ltr'>duae</span> 
     </span>
     <span class='ocr_line' id='line_1_4' title="bbox 61 345 1381 412; baseline 0.008 -24"><span class='ocrx_word' id='word_1_22' title='bbox 61 345 202 412; x_wconf 61' lang='lat' dir='ltr'>Iiostiae</span> <span class='ocrx_word' id='word_1_23' title='bbox 237 354 285 393; x_wconf 89' lang='lat' dir='ltr'>ab</span> <span class='ocrx_word' id='word_1_24' title='bbox 321 356 560 396; x_wconf 82' lang='lat' dir='ltr'>decemviris</span> <span class='ocrx_word' id='word_1_25' title='bbox 595 357 830 406; x_wconf 82' lang='lat' dir='ltr'>immolatae,</span> <span class='ocrx_word' id='word_1_26' title='bbox 867 360 904 397; x_wconf 66' lang='grc' dir='ltr'>ὃ(</span> <span class='ocrx_word' id='word_1_27' title='bbox 931 356 1141 397; x_wconf 74' lang='lat' dir='ltr'>simulacra</span> <span class='ocrx_word' id='word_1_28' title='bbox 1175 359 1381 412; x_wconf 72' lang='lat' dir='ltr'><strong>cupressea</strong></span> 
     </span>
     <span class='ocr_line' id='line_1_5' title="bbox 62 411 391 453; baseline 0.015 -5"><span class='ocrx_word' id='word_1_29' title='bbox 62 419 104 444; x_wconf 83' lang='lat' dir='ltr'>m</span> <span class='ocrx_word' id='word_1_30' title='bbox 123 411 251 449; x_wconf 82' lang='lat' dir='ltr'>aedem</span> <span class='ocrx_word' id='word_1_31' title='bbox 270 412 391 453; x_wconf 81' lang='lat' dir='ltr'>illata.</span> 
     </span>
    </p>

    <p class='ocr_par' dir='ltr' id='par_1_3' title="bbox 35 466 1595 2101">
     <span class='ocr_line' id='line_1_6' title="bbox 118 466 1583 525; baseline 0.006 -19"><span class='ocrx_word' id='word_1_32' title='bbox 118 466 361 512; x_wconf 86' lang='lat' dir='ltr'>XXXVIII.</span> <span class='ocrx_word' id='word_1_33' title='bbox 396 471 488 511; x_wconf 83' lang='lat' dir='ltr'>Diis</span> <span class='ocrx_word' id='word_1_34' title='bbox 511 469 584 511; x_wconf 69' lang='lat' dir='ltr'>rite</span> <span class='ocrx_word' id='word_1_35' title='bbox 601 471 784 525; x_wconf 79' lang='lat' dir='ltr'>placatis,</span> <span class='ocrx_word' id='word_1_36' title='bbox 817 471 1026 512; x_wconf 65' lang='lat' dir='ltr'>dele-stum</span> <span class='ocrx_word' id='word_1_37' title='bbox 1049 472 1233 513; x_wconf 80' lang='lat' dir='ltr'>consules</span> <span class='ocrx_word' id='word_1_38' title='bbox 1254 473 1378 514; x_wconf 83' lang='lat' dir='ltr'>habe·</span> <span class='ocrx_word' id='word_1_39' title='bbox 1402 490 1513 520; x_wconf 53' lang='lat' dir='ltr'>Acriter</span> <span class='ocrx_word' id='word_1_40' title='bbox 1528 486 1583 521; x_wconf 71' lang='lat' dir='ltr'>ba.</span> 
     </span>
     <span class='ocr_line' id='line_1_7' title="bbox 57 521 1573 586; baseline 0.007 -24"><span class='ocrx_word' id='word_1_41' title='bbox 57 521 156 563; x_wconf 76' lang='lat' dir='ltr'>bant</span> <span class='ocrx_word' id='word_1_42' title='bbox 173 527 306 569; x_wconf 70' lang='lat' dir='ltr'>acrius</span> <span class='ocrx_word' id='word_1_43' title='bbox 322 528 610 584; x_wconf 74' lang='lat' dir='ltr'>intentiusque,</span> <span class='ocrx_word' id='word_1_44' title='bbox 643 529 765 584; x_wconf 46' lang='lat' dir='ltr'>quum</span> <span class='ocrx_word' id='word_1_45' title='bbox 789 531 992 584; x_wconf 81' lang='lat' dir='ltr'>prioribus</span> <span class='ocrx_word' id='word_1_46' title='bbox 1021 532 1136 571; x_wconf 84' lang='lat' dir='ltr'>annis</span> <span class='ocrx_word' id='word_1_47' title='bbox 1159 533 1374 586; x_wconf 81' lang='lat' dir='ltr'>quisquam</span> <span class='ocrx_word' id='word_1_48' title='bbox 1393 534 1474 566; x_wconf 78' lang='lat' dir='ltr'>betur</span> <span class='ocrx_word' id='word_1_49' title='bbox 1488 538 1573 568; x_wconf 75' lang='lat' dir='ltr'><em>ddec-</em></span> 
     </span>
     <span class='ocr_line' id='line_1_8' title="bbox 57 584 1452 642; baseline 0.007 -22"><span class='ocrx_word' id='word_1_50' title='bbox 57 584 300 626; x_wconf 87' lang='lat' dir='ltr'>meminerat</span> <span class='ocrx_word' id='word_1_51' title='bbox 322 587 519 628; x_wconf 82' lang='lat' dir='ltr'>habitum.</span> <span class='ocrx_word' id='word_1_52' title='bbox 540 603 633 628; x_wconf 87' lang='lat' dir='ltr'>nam</span> <span class='ocrx_word' id='word_1_53' title='bbox 657 592 695 629; x_wconf 67' lang='grc' dir='ltr'>ὃ(</span> <span class='ocrx_word' id='word_1_54' title='bbox 733 588 825 628; x_wconf 91' lang='lat' dir='ltr'>belli</span> <span class='ocrx_word' id='word_1_55' title='bbox 852 599 981 628; x_wconf 84' lang='lat' dir='ltr'>terror</span> <span class='ocrx_word' id='word_1_56' title='bbox 1015 589 1248 642; x_wconf 86' lang='lat' dir='ltr'>duplicatus</span> <span class='ocrx_word' id='word_1_57' title='bbox 1280 591 1375 630; x_wconf 90' lang='lat' dir='ltr'>novi</span> <span class='ocrx_word' id='word_1_58' title='bbox 1393 585 1452 611; x_wconf 59' lang='lat' dir='ltr'>‘m&#39;</span> 
     </span>
     <span class='ocr_line' id='line_1_9' title="bbox 55 639 1375 702; baseline 0.006 -22"><span class='ocrx_word' id='word_1_59' title='bbox 55 639 182 682; x_wconf 87' lang='lat' dir='ltr'>hostis</span> <span class='ocrx_word' id='word_1_60' title='bbox 197 643 238 683; x_wconf 90' lang='lat' dir='ltr'>in</span> <span class='ocrx_word' id='word_1_61' title='bbox 262 646 419 686; x_wconf 81' lang='lat' dir='ltr'>Italiam</span> <span class='ocrx_word' id='word_1_62' title='bbox 443 648 618 686; x_wconf 77' lang='lat' dir='ltr'>adventu</span> <span class='ocrx_word' id='word_1_63' title='bbox 638 663 647 686; x_wconf 95' lang='lat'>:</span> <span class='ocrx_word' id='word_1_64' title='bbox 683 649 720 687; x_wconf 84' lang='lat'>&amp;</span> <span class='ocrx_word' id='word_1_65' title='bbox 746 646 1120 702; x_wconf 81' lang='lat' dir='ltr'>minusjuventutis</span> <span class='ocrx_word' id='word_1_66' title='bbox 1139 658 1241 696; x_wconf 88' lang='lat' dir='ltr'>erat,</span> <span class='ocrx_word' id='word_1_67' title='bbox 1264 648 1375 689; x_wconf 87' lang='lat' dir='ltr'>unde</span> 
     </span>
     <span class='ocr_line' id='line_1_10' title="bbox 55 698 1374 760; baseline 0.006 -22"><span class='ocrx_word' id='word_1_68' title='bbox 55 698 275 743; x_wconf 86' lang='lat' dir='ltr'>scriberent</span> <span class='ocrx_word' id='word_1_69' title='bbox 296 704 459 744; x_wconf 82' lang='lat' dir='ltr'>milites.</span> <span class='ocrx_word' id='word_1_70' title='bbox 521 705 663 758; x_wconf 85' lang='lat' dir='ltr'>Itaque</span> <span class='ocrx_word' id='word_1_71' title='bbox 687 706 854 745; x_wconf 80' lang='lat' dir='ltr'>colonos</span> <span class='ocrx_word' id='word_1_72' title='bbox 877 705 1000 744; x_wconf 86' lang='lat' dir='ltr'>etiam</span> <span class='ocrx_word' id='word_1_73' title='bbox 1024 705 1267 755; x_wconf 87' lang='lat' dir='ltr'>maritimos,</span> <span class='ocrx_word' id='word_1_74' title='bbox 1302 707 1374 760; x_wconf 91' lang='lat' dir='ltr'>qui</span> 
     </span>
     <span class='ocr_line' id='line_1_11' title="bbox 54 759 1372 814; baseline 0.005 -16"><span class='ocrx_word' id='word_1_75' title='bbox 54 760 118 811; x_wconf 78' lang='grc' dir='ltr'>(Ι)</span> <span class='ocrx_word' id='word_1_76' title='bbox 151 759 444 802; x_wconf 64' lang='grc' dir='ltr'>[τιςῐοίέιηξὶηῑη</span> <span class='ocrx_word' id='word_1_77' title='bbox 486 764 739 803; x_wconf 78' lang='lat' dir='ltr'>vacationem</span> <span class='ocrx_word' id='word_1_78' title='bbox 776 763 1018 804; x_wconf 83' lang='lat' dir='ltr'>dicebantur</span> <span class='ocrx_word' id='word_1_79' title='bbox 1057 762 1223 814; x_wconf 88' lang='lat' dir='ltr'>habere,</span> <span class='ocrx_word' id='word_1_80' title='bbox 1277 765 1372 805; x_wconf 84' lang='lat' dir='ltr'>dare</span> 
     </span>
     <span class='ocr_line' id='line_1_12' title="bbox 53 817 1374 875; baseline 0.007 -21"><span class='ocrx_word' id='word_1_81' title='bbox 53 817 203 858; x_wconf 78' lang='lat' dir='ltr'>milites</span> <span class='ocrx_word' id='word_1_82' title='bbox 240 821 453 875; x_wconf 83' lang='lat' dir='ltr'>cogebant.</span> <span class='ocrx_word' id='word_1_83' title='bbox 489 821 637 874; x_wconf 85' lang='lat' dir='ltr'>quibus</span> <span class='ocrx_word' id='word_1_84' title='bbox 670 821 965 870; x_wconf 82' lang='lat' dir='ltr'>recusantibus,</span> <span class='ocrx_word' id='word_1_85' title='bbox 998 821 1160 861; x_wconf 84' lang='lat' dir='ltr'>edixere</span> <span class='ocrx_word' id='word_1_86' title='bbox 1190 822 1230 861; x_wconf 88' lang='lat' dir='ltr'>in</span> <span class='ocrx_word' id='word_1_87' title='bbox 1262 823 1374 863; x_wconf 88' lang='lat' dir='ltr'>diem</span> 
     </span>
     <span class='ocr_line' id='line_1_13' title="bbox 51 879 1373 934; baseline 0.006 -21"><span class='ocrx_word' id='word_1_88' title='bbox 51 886 221 924; x_wconf 86' lang='lat' dir='ltr'>certam,</span> <span class='ocrx_word' id='word_1_89' title='bbox 255 889 315 928; x_wconf 90' lang='lat' dir='ltr'>ut,</span> <span class='ocrx_word' id='word_1_90' title='bbox 348 894 430 933; x_wconf 92' lang='lat' dir='ltr'>quo</span> <span class='ocrx_word' id='word_1_91' title='bbox 445 879 725 934; x_wconf 88' lang='lat' dir='ltr'>quisquejure</span> <span class='ocrx_word' id='word_1_92' title='bbox 744 880 999 920; x_wconf 80' lang='lat' dir='ltr'>vacationem</span> <span class='ocrx_word' id='word_1_93' title='bbox 1029 879 1214 932; x_wconf 87' lang='lat' dir='ltr'>haberet,</span> <span class='ocrx_word' id='word_1_94' title='bbox 1245 881 1295 920; x_wconf 91' lang='lat' dir='ltr'>ad</span> <span class='ocrx_word' id='word_1_95' title='bbox 1315 880 1373 921; x_wconf 87' lang='lat' dir='ltr'>se-</span> 
     </span>
     <span class='ocr_line' id='line_1_14' title="bbox 51 936 1372 993; baseline 0.006 -21"><span class='ocrx_word' id='word_1_96' title='bbox 51 944 196 975; x_wconf 83' lang='lat' dir='ltr'>natum</span> <span class='ocrx_word' id='word_1_97' title='bbox 212 936 399 977; x_wconf 86' lang='lat' dir='ltr'>deferret.</span> <span class='ocrx_word' id='word_1_98' title='bbox 466 939 521 977; x_wconf 62' lang='lat' dir='ltr'>Ea</span> <span class='ocrx_word' id='word_1_99' title='bbox 539 938 604 978; x_wconf 89' lang='lat' dir='ltr'>die</span> <span class='ocrx_word' id='word_1_100' title='bbox 621 938 663 977; x_wconf 88' lang='lat' dir='ltr'>hi</span> <span class='ocrx_word' id='word_1_101' title='bbox 685 939 825 993; x_wconf 89' lang='lat' dir='ltr'>populi</span> <span class='ocrx_word' id='word_1_102' title='bbox 852 940 901 978; x_wconf 85' lang='lat' dir='ltr'>ad</span> <span class='ocrx_word' id='word_1_103' title='bbox 925 938 1109 978; x_wconf 86' lang='lat' dir='ltr'>senatum</span> <span class='ocrx_word' id='word_1_104' title='bbox 1141 949 1341 979; x_wconf 83' lang='lat' dir='ltr'>venerunt</span> <span class='ocrx_word' id='word_1_105' title='bbox 1363 955 1372 980; x_wconf 91' lang='lat'>:</span> 
     </span>
     <span class='ocr_line' id='line_1_15' title="bbox 51 990 1371 1048; baseline 0.005 -17"><span class='ocrx_word' id='word_1_106' title='bbox 51 990 262 1044; x_wconf 84' lang='lat' dir='ltr'>Ostiensis,</span> <span class='ocrx_word' id='word_1_107' title='bbox 315 996 521 1048; x_wconf 82' lang='lat' dir='ltr'>Alfienfis,</span> <span class='ocrx_word' id='word_1_108' title='bbox 571 997 733 1046; x_wconf 83' lang='lat' dir='ltr'>Antias,</span> <span class='ocrx_word' id='word_1_109' title='bbox 780 998 989 1046; x_wconf 82' lang='lat' dir='ltr'>Anxuras,</span> <span class='ocrx_word' id='word_1_110' title='bbox 1054 996 1371 1047; x_wconf 76' lang='lat' dir='ltr'>Minturnensis,</span> 
     </span>
     <span class='ocr_line' id='line_1_16' title="bbox 49 1048 1373 1113; baseline 0.004 -23"><span class='ocrx_word' id='word_1_111' title='bbox 49 1048 330 1105; x_wconf 82' lang='lat' dir='ltr'>Sinuessanus,</span> <span class='ocrx_word' id='word_1_112' title='bbox 351 1057 391 1096; x_wconf 73' lang='grc' dir='ltr'>ὅ(</span> <span class='ocrx_word' id='word_1_113' title='bbox 408 1053 456 1094; x_wconf 87' lang='lat' dir='ltr'>ab</span> <span class='ocrx_word' id='word_1_114' title='bbox 476 1055 619 1109; x_wconf 81' lang='lat' dir='ltr'>supero</span> <span class='ocrx_word' id='word_1_115' title='bbox 638 1055 737 1094; x_wconf 87' lang='lat' dir='ltr'>mari</span> <span class='ocrx_word' id='word_1_116' title='bbox 761 1055 960 1095; x_wconf 79' lang='lat' dir='ltr'>Senensis.</span> <span class='ocrx_word' id='word_1_117' title='bbox 1025 1053 1169 1113; x_wconf 82' lang='lat' dir='ltr'>Qum</span> <span class='ocrx_word' id='word_1_118' title='bbox 1194 1056 1373 1095; x_wconf 81' lang='lat' dir='ltr'>vacatio-</span> 
     </span>
     <span class='ocr_line' id='line_1_17' title="bbox 50 1109 1370 1168; baseline 0.005 -21"><span class='ocrx_word' id='word_1_119' title='bbox 50 1121 123 1148; x_wconf 90' lang='lat' dir='ltr'>nes</span> <span class='ocrx_word' id='word_1_120' title='bbox 161 1109 248 1151; x_wconf 89' lang='lat' dir='ltr'>suas</span> <span class='ocrx_word' id='word_1_121' title='bbox 275 1113 446 1167; x_wconf 89' lang='lat' dir='ltr'>quisque</span> <span class='ocrx_word' id='word_1_122' title='bbox 484 1114 660 1168; x_wconf 83' lang='lat' dir='ltr'>populus</span> <span class='ocrx_word' id='word_1_123' title='bbox 694 1113 910 1162; x_wconf 74' lang='lat' dir='ltr'>recitaret,</span> <span class='ocrx_word' id='word_1_124' title='bbox 958 1113 1129 1164; x_wconf 88' lang='lat' dir='ltr'>nullius,</span> <span class='ocrx_word' id='word_1_125' title='bbox 1162 1127 1290 1167; x_wconf 89' lang='lat' dir='ltr'>quum</span> <span class='ocrx_word' id='word_1_126' title='bbox 1327 1114 1370 1153; x_wconf 89' lang='lat' dir='ltr'>in</span> 
     </span>
     <span class='ocr_line' id='line_1_18' title="bbox 50 1166 1370 1225; baseline 0.005 -19"><span class='ocrx_word' id='word_1_127' title='bbox 50 1166 167 1208; x_wconf 62' lang='lat' dir='ltr'>Italia</span> <span class='ocrx_word' id='word_1_128' title='bbox 186 1169 313 1211; x_wconf 90' lang='lat' dir='ltr'>hostis</span> <span class='ocrx_word' id='word_1_129' title='bbox 343 1172 452 1220; x_wconf 78' lang='lat' dir='ltr'>esset,</span> <span class='ocrx_word' id='word_1_130' title='bbox 486 1183 632 1225; x_wconf 80' lang='lat' dir='ltr'>praeter</span> <span class='ocrx_word' id='word_1_131' title='bbox 656 1172 866 1211; x_wconf 80' lang='lat' dir='ltr'>Antiatem</span> <span class='ocrx_word' id='word_1_132' title='bbox 890 1171 1219 1225; x_wconf 88' lang='lat' dir='ltr'>Ostiensemque,</span> <span class='ocrx_word' id='word_1_133' title='bbox 1251 1185 1370 1212; x_wconf 84' lang='lat' dir='ltr'>vaca-</span> 
     </span>
     <span class='ocr_line' id='line_1_19' title="bbox 39 1225 1369 1285; baseline 0.002 -18"><span class='ocrx_word' id='word_1_134' title='bbox 39 1225 108 1267; x_wconf 81' lang='lat' dir='ltr'>tio</span> <span class='ocrx_word' id='word_1_135' title='bbox 130 1227 337 1269; x_wconf 87' lang='lat' dir='ltr'>observata</span> <span class='ocrx_word' id='word_1_136' title='bbox 358 1230 439 1270; x_wconf 88' lang='lat' dir='ltr'>est:</span> <span class='ocrx_word' id='word_1_137' title='bbox 470 1231 510 1270; x_wconf 84' lang='lat'>&amp;</span> <span class='ocrx_word' id='word_1_138' title='bbox 533 1244 673 1270; x_wconf 88' lang='lat' dir='ltr'>earum</span> <span class='ocrx_word' id='word_1_139' title='bbox 694 1233 755 1284; x_wconf 91' lang='lat'>(2)</span> <span class='ocrx_word' id='word_1_140' title='bbox 778 1230 1032 1271; x_wconf 87' lang='lat' dir='ltr'>coloniarum</span> <span class='ocrx_word' id='word_1_141' title='bbox 1051 1230 1236 1285; x_wconf 85' lang='lat' dir='ltr'>juniores</span> <span class='ocrx_word' id='word_1_142' title='bbox 1254 1230 1369 1285; x_wconf 83' lang='lat' dir='ltr'>jure-</span> 
     </span>
     <span class='ocr_line' id='line_1_20' title="bbox 43 1284 1367 1343; baseline 0.003 -20"><span class='ocrx_word' id='word_1_143' title='bbox 43 1284 223 1339; x_wconf 86' lang='lat' dir='ltr'>jurando</span> <span class='ocrx_word' id='word_1_144' title='bbox 245 1287 394 1334; x_wconf 70' lang='lat' dir='ltr'>adaffi,</span> <span class='ocrx_word' id='word_1_145' title='bbox 428 1288 546 1343; x_wconf 86' lang='lat' dir='ltr'>supra</span> <span class='ocrx_word' id='word_1_146' title='bbox 576 1289 662 1328; x_wconf 81' lang='lat' dir='ltr'>dies</span> <span class='ocrx_word' id='word_1_147' title='bbox 685 1288 851 1343; x_wconf 82' lang='lat' dir='ltr'>triginta</span> <span class='ocrx_word' id='word_1_148' title='bbox 885 1301 968 1329; x_wconf 91' lang='lat' dir='ltr'>non</span> <span class='ocrx_word' id='word_1_149' title='bbox 991 1288 1305 1342; x_wconf 60' lang='lat' dir='ltr'>pernoctaturos</span> <span class='ocrx_word' id='word_1_150' title='bbox 1328 1287 1367 1327; x_wconf 90' lang='lat' dir='ltr'>se</span> 
     </span>
     <span class='ocr_line' id='line_1_21' title="bbox 48 1343 1368 1399; baseline 0.003 -17"><span class='ocrx_word' id='word_1_151' title='bbox 48 1343 125 1382; x_wconf 82' lang='lat' dir='ltr'>effe</span> <span class='ocrx_word' id='word_1_152' title='bbox 161 1355 274 1385; x_wconf 87' lang='lat' dir='ltr'>extra</span> <span class='ocrx_word' id='word_1_153' title='bbox 302 1347 456 1387; x_wconf 83' lang='lat' dir='ltr'>moenia</span> <span class='ocrx_word' id='word_1_154' title='bbox 493 1347 664 1387; x_wconf 84' lang='lat' dir='ltr'>coloniae</span> <span class='ocrx_word' id='word_1_155' title='bbox 686 1346 781 1396; x_wconf 85' lang='lat' dir='ltr'>suae,</span> <span class='ocrx_word' id='word_1_156' title='bbox 813 1347 984 1399; x_wconf 89' lang='lat' dir='ltr'>†donec</span> <span class='ocrx_word' id='word_1_157' title='bbox 1013 1345 1139 1386; x_wconf 86' lang='lat' dir='ltr'>hostis</span> <span class='ocrx_word' id='word_1_158' title='bbox 1175 1346 1216 1386; x_wconf 90' lang='lat' dir='ltr'>in</span> <span class='ocrx_word' id='word_1_159' title='bbox 1252 1346 1368 1386; x_wconf 65' lang='lat' dir='ltr'>Italia</span> 
     </span>
     <span class='ocr_line' id='line_1_22' title="bbox 47 1402 1497 1459; baseline 0.003 -19"><span class='ocrx_word' id='word_1_160' title='bbox 47 1402 157 1442; x_wconf 80' lang='lat' dir='ltr'>esset.</span> <span class='ocrx_word' id='word_1_161' title='bbox 220 1404 363 1459; x_wconf 79' lang='lat' dir='ltr'>Quum</span> <span class='ocrx_word' id='word_1_162' title='bbox 387 1419 531 1445; x_wconf 81' lang='lat' dir='ltr'>omnes</span> <span class='ocrx_word' id='word_1_163' title='bbox 567 1405 791 1453; x_wconf 80' lang='lat' dir='ltr'>censerent,</span> <span class='ocrx_word' id='word_1_164' title='bbox 820 1406 953 1458; x_wconf 87' lang='lat' dir='ltr'>primo</span> <span class='ocrx_word' id='word_1_165' title='bbox 987 1418 1152 1458; x_wconf 88' lang='lat' dir='ltr'>quoque</span> <span class='ocrx_word' id='word_1_166' title='bbox 1180 1414 1367 1459; x_wconf 84' lang='lat' dir='ltr'>tempore</span> <span class='ocrx_word' id='word_1_167' title='bbox 1491 1450 1497 1458; x_wconf 40' lang='lat'>¹</span> 
     </span>
     <span class='ocr_line' id='line_1_23' title="bbox 48 1450 1542 1526; baseline 0.003 -27"><span class='ocrx_word' id='word_1_168' title='bbox 48 1460 282 1503; x_wconf 87' lang='lat' dir='ltr'>consulibus</span> <span class='ocrx_word' id='word_1_169' title='bbox 302 1464 484 1503; x_wconf 88' lang='lat' dir='ltr'>eundum</span> <span class='ocrx_word' id='word_1_170' title='bbox 508 1465 557 1503; x_wconf 87' lang='lat' dir='ltr'>ad</span> <span class='ocrx_word' id='word_1_171' title='bbox 571 1462 740 1512; x_wconf 88' lang='lat' dir='ltr'>bellum,</span> <span class='ocrx_word' id='word_1_172' title='bbox 774 1466 884 1517; x_wconf 86' lang='lat' dir='ltr'>(nam</span> <span class='ocrx_word' id='word_1_173' title='bbox 904 1466 940 1503; x_wconf 72' lang='lat'>8&lt;</span> <span class='ocrx_word' id='word_1_174' title='bbox 962 1462 1205 1502; x_wconf 81' lang='lat' dir='ltr'>Hasdrubali</span> <span class='ocrx_word' id='word_1_175' title='bbox 1222 1477 1367 1503; x_wconf 87' lang='lat' dir='ltr'>occur·</span> <span class='ocrx_word' id='word_1_176' title='bbox 1386 1450 1542 1526; x_wconf 47' lang='lat' dir='ltr'><em>Ext‘mff</em></span> 
     </span>
     <span class='ocr_line' id='line_1_24' title="bbox 48 1499 1595 1575; baseline 0.001 -17"><span class='ocrx_word' id='word_1_177' title='bbox 48 1521 223 1560; x_wconf 89' lang='lat' dir='ltr'>rendum</span> <span class='ocrx_word' id='word_1_178' title='bbox 259 1521 334 1561; x_wconf 81' lang='lat' dir='ltr'>effe</span> <span class='ocrx_word' id='word_1_179' title='bbox 367 1521 626 1563; x_wconf 89' lang='lat' dir='ltr'>descendenti</span> <span class='ocrx_word' id='word_1_180' title='bbox 650 1521 699 1561; x_wconf 89' lang='lat' dir='ltr'>ab</span> <span class='ocrx_word' id='word_1_181' title='bbox 724 1521 915 1575; x_wconf 78' lang='lat' dir='ltr'>Alpibus,</span> <span class='ocrx_word' id='word_1_182' title='bbox 948 1535 998 1560; x_wconf 89' lang='lat' dir='ltr'>ne</span> <span class='ocrx_word' id='word_1_183' title='bbox 1026 1521 1171 1561; x_wconf 85' lang='lat' dir='ltr'>Gallos</span> <span class='ocrx_word' id='word_1_184' title='bbox 1194 1520 1366 1575; x_wconf 83' lang='lat' dir='ltr'>Cisalpi-</span> <span class='ocrx_word' id='word_1_185' title='bbox 1384 1499 1595 1573; x_wconf 46' lang='lat' dir='ltr'>“Zberjlm‘ff&amp;</span> 
     </span>
     <span class='ocr_line' id='line_1_25' title="bbox 50 1580 1594 1633; baseline 0 -16"><span class='ocrx_word' id='word_1_186' title='bbox 50 1591 141 1627; x_wconf 86' lang='lat' dir='ltr'>nos,</span> <span class='ocrx_word' id='word_1_187' title='bbox 172 1593 273 1620; x_wconf 88' lang='lat' dir='ltr'>neve</span> <span class='ocrx_word' id='word_1_188' title='bbox 291 1580 512 1629; x_wconf 81' lang='lat' dir='ltr'>Etruriam,</span> <span class='ocrx_word' id='word_1_189' title='bbox 549 1586 563 1632; x_wconf 79' lang='grc' dir='ltr'>ΙΙ</span> <span class='ocrx_word' id='word_1_190' title='bbox 590 1580 770 1620; x_wconf 70' lang='lat' dir='ltr'>ere&amp;am</span> <span class='ocrx_word' id='word_1_191' title='bbox 793 1580 833 1619; x_wconf 90' lang='lat' dir='ltr'>in</span> <span class='ocrx_word' id='word_1_192' title='bbox 857 1580 967 1633; x_wconf 87' lang='lat' dir='ltr'>spem</span> <span class='ocrx_word' id='word_1_193' title='bbox 990 1593 1127 1619; x_wconf 89' lang='lat' dir='ltr'>rerum</span> <span class='ocrx_word' id='word_1_194' title='bbox 1150 1592 1366 1630; x_wconf 87' lang='lat' dir='ltr'>novarum,</span> <span class='ocrx_word' id='word_1_195' title='bbox 1388 1586 1594 1617; x_wconf 52' lang='lat' dir='ltr'>Hannibalem,</span> 
     </span>
     <span class='ocr_line' id='line_1_26' title="bbox 49 1635 1366 1692; baseline 0.002 -16"><span class='ocrx_word' id='word_1_196' title='bbox 49 1635 308 1678; x_wconf 88' lang='lat' dir='ltr'>sollicitaret:</span> <span class='ocrx_word' id='word_1_197' title='bbox 359 1642 400 1680; x_wconf 89' lang='lat'>&amp;</span> <span class='ocrx_word' id='word_1_198' title='bbox 433 1638 710 1679; x_wconf 82' lang='lat' dir='ltr'>Hannibalem</span> <span class='ocrx_word' id='word_1_199' title='bbox 752 1638 823 1678; x_wconf 91' lang='lat' dir='ltr'>suo</span> <span class='ocrx_word' id='word_1_200' title='bbox 862 1638 1026 1692; x_wconf 84' lang='lat' dir='ltr'>proprio</span> <span class='ocrx_word' id='word_1_201' title='bbox 1076 1639 1366 1692; x_wconf 78' lang='lat' dir='ltr'>occupandum</span> 
     </span>
     <span class='ocr_line' id='line_1_27' title="bbox 48 1694 1365 1753; baseline 0.002 -18"><span class='ocrx_word' id='word_1_202' title='bbox 48 1694 168 1740; x_wconf 87' lang='lat' dir='ltr'>bello,</span> <span class='ocrx_word' id='word_1_203' title='bbox 203 1710 254 1736; x_wconf 88' lang='lat' dir='ltr'>ne</span> <span class='ocrx_word' id='word_1_204' title='bbox 287 1711 495 1753; x_wconf 80' lang='lat' dir='ltr'>emergere</span> <span class='ocrx_word' id='word_1_205' title='bbox 529 1712 578 1737; x_wconf 85' lang='lat' dir='ltr'>ex</span> <span class='ocrx_word' id='word_1_206' title='bbox 603 1697 773 1737; x_wconf 86' lang='lat' dir='ltr'>Bruttiis</span> <span class='ocrx_word' id='word_1_207' title='bbox 807 1707 928 1750; x_wconf 88' lang='lat' dir='ltr'>atque</span> <span class='ocrx_word' id='word_1_208' title='bbox 963 1695 1126 1736; x_wconf 61' lang='lat' dir='ltr'>obviam</span> <span class='ocrx_word' id='word_1_209' title='bbox 1155 1695 1271 1736; x_wconf 82' lang='lat' dir='ltr'>fratri</span> <span class='ocrx_word' id='word_1_210' title='bbox 1308 1696 1365 1737; x_wconf 87' lang='lat' dir='ltr'>ire</span> 
     </span>
     <span class='ocr_line' id='line_1_28' title="bbox 47 1754 1368 1809; baseline -0.001 -15"><span class='ocrx_word' id='word_1_211' title='bbox 47 1754 192 1809; x_wconf 86' lang='lat' dir='ltr'>poffet)</span> <span class='ocrx_word' id='word_1_212' title='bbox 215 1755 355 1796; x_wconf 86' lang='lat' dir='ltr'>Livius</span> <span class='ocrx_word' id='word_1_213' title='bbox 377 1756 665 1804; x_wconf 59' lang='lat' dir='ltr'>cunctabatur,</span> <span class='ocrx_word' id='word_1_214' title='bbox 697 1769 841 1809; x_wconf 76' lang='lat' dir='ltr'>parum</span> <span class='ocrx_word' id='word_1_215' title='bbox 866 1754 995 1796; x_wconf 84' lang='lat' dir='ltr'>fidens</span> <span class='ocrx_word' id='word_1_216' title='bbox 1015 1754 1176 1794; x_wconf 86' lang='lat' dir='ltr'>suarum</span> <span class='ocrx_word' id='word_1_217' title='bbox 1200 1755 1368 1809; x_wconf 86' lang='lat' dir='ltr'>provin-</span> 
     </span>
     <span class='ocr_line' id='line_1_29' title="bbox 49 1812 1366 1869; baseline -0.001 -16"><span class='ocrx_word' id='word_1_218' title='bbox 49 1812 206 1853; x_wconf 84' lang='lat' dir='ltr'>ciarum</span> <span class='ocrx_word' id='word_1_219' title='bbox 247 1814 516 1855; x_wconf 80' lang='lat' dir='ltr'>exercitibus:</span> <span class='ocrx_word' id='word_1_220' title='bbox 560 1816 758 1869; x_wconf 74' lang='lat' dir='ltr'>collegam</span> <span class='ocrx_word' id='word_1_221' title='bbox 798 1828 847 1853; x_wconf 83' lang='lat' dir='ltr'>ex</span> <span class='ocrx_word' id='word_1_222' title='bbox 886 1813 1046 1853; x_wconf 83' lang='lat' dir='ltr'>duobus</span> <span class='ocrx_word' id='word_1_223' title='bbox 1088 1812 1366 1852; x_wconf 79' lang='lat' dir='ltr'>consularibus</span> 
     </span>
     <span class='ocr_line' id='line_1_30' title="bbox 47 1870 1367 1929; baseline -0.001 -18"><span class='ocrx_word' id='word_1_224' title='bbox 47 1871 507 1926; x_wconf 69' lang='lat' dir='ltr'>egregiiS=exercitibus‚</span> <span class='ocrx_word' id='word_1_225' title='bbox 541 1876 604 1928; x_wconf 73' lang='grc'>(3)</span> <span class='ocrx_word' id='word_1_226' title='bbox 630 1875 666 1913; x_wconf 73' lang='grc'>8(</span> <span class='ocrx_word' id='word_1_227' title='bbox 712 1872 846 1920; x_wconf 88' lang='lat' dir='ltr'>tertio,</span> <span class='ocrx_word' id='word_1_228' title='bbox 879 1873 945 1910; x_wconf 91' lang='lat' dir='ltr'>cui</span> <span class='ocrx_word' id='word_1_229' title='bbox 975 1872 1041 1929; x_wconf 72' lang='lat' dir='ltr'>Q</span> <span class='ocrx_word' id='word_1_230' title='bbox 1063 1870 1261 1911; x_wconf 85' lang='lat' dir='ltr'>Claudius</span> <span class='ocrx_word' id='word_1_231' title='bbox 1284 1872 1367 1910; x_wconf 81' lang='lat' dir='ltr'>Ta-</span> 
     </span>
     <span class='ocr_line' id='line_1_31' title="bbox 35 1929 1366 1983; baseline 0.001 -15"><span class='ocrx_word' id='word_1_232' title='bbox 35 1929 370 1983; x_wconf 76' lang='lat' dir='ltr'>-1entipraeefl&#39;et,</span> <span class='ocrx_word' id='word_1_233' title='bbox 402 1932 648 1972; x_wconf 67' lang='lat' dir='ltr'>eleffionem</span> <span class='ocrx_word' id='word_1_234' title='bbox 680 1930 842 1970; x_wconf 76' lang='lat' dir='ltr'>habere.</span> <span class='ocrx_word' id='word_1_235' title='bbox 877 1930 1151 1981; x_wconf 82' lang='lat' dir='ltr'>intuleratque</span> <span class='ocrx_word' id='word_1_236' title='bbox 1189 1930 1366 1969; x_wconf 84' lang='lat' dir='ltr'>mentio·</span> 
     </span>
     <span class='ocr_line' id='line_1_32' title="bbox 49 1987 1366 2041; baseline -0.002 -13"><span class='ocrx_word' id='word_1_237' title='bbox 49 2001 144 2028; x_wconf 83' lang='lat' dir='ltr'>nem</span> <span class='ocrx_word' id='word_1_238' title='bbox 167 1988 216 2028; x_wconf 89' lang='lat' dir='ltr'>de</span> <span class='ocrx_word' id='word_1_239' title='bbox 238 1993 253 2039; x_wconf 78' lang='grc' dir='ltr'>Η</span> <span class='ocrx_word' id='word_1_240' title='bbox 274 1989 488 2029; x_wconf 83' lang='lat' dir='ltr'>volonibus</span> <span class='ocrx_word' id='word_1_241' title='bbox 505 1989 743 2029; x_wconf 83' lang='lat' dir='ltr'>revocandis</span> <span class='ocrx_word' id='word_1_242' title='bbox 761 1990 808 2027; x_wconf 77' lang='lat' dir='ltr'>ad</span> <span class='ocrx_word' id='word_1_243' title='bbox 829 1988 949 2041; x_wconf 77' lang='lat' dir='ltr'>signa.</span> <span class='ocrx_word' id='word_1_244' title='bbox 1005 1987 1180 2027; x_wconf 84' lang='lat' dir='ltr'>Senatus</span> <span class='ocrx_word' id='word_1_245' title='bbox 1197 1987 1366 2027; x_wconf 83' lang='lat' dir='ltr'>liberam</span> 
     </span>
     <span class='ocr_line' id='line_1_33' title="bbox 48 2045 1365 2101; baseline -0.002 -14"><span class='ocrx_word' id='word_1_246' title='bbox 48 2046 290 2101; x_wconf 75' lang='lat' dir='ltr'>potestatem</span> <span class='ocrx_word' id='word_1_247' title='bbox 332 2047 565 2088; x_wconf 81' lang='lat' dir='ltr'>consulibus</span> <span class='ocrx_word' id='word_1_248' title='bbox 600 2047 713 2093; x_wconf 86' lang='lat' dir='ltr'>fecit,</span> <span class='ocrx_word' id='word_1_249' title='bbox 750 2049 787 2086; x_wconf 73' lang='lat'>8&lt;</span> <span class='ocrx_word' id='word_1_250' title='bbox 813 2045 1026 2099; x_wconf 85' lang='lat' dir='ltr'>supplendi</span> <span class='ocrx_word' id='word_1_251' title='bbox 1061 2045 1170 2084; x_wconf 86' lang='lat' dir='ltr'>unde</span> <span class='ocrx_word' id='word_1_252' title='bbox 1202 2046 1365 2089; x_wconf 87' lang='lat' dir='ltr'>vellent,</span> 
     </span>
    </p>
   </div>
   <div class='ocr_carea' id='block_1_3' title="bbox 49 2104 1370 2214">
    <p class='ocr_par' dir='ltr' id='par_1_4' title="bbox 49 2104 1370 2214">
     <span class='ocr_line' id='line_1_34' title="bbox 49 2104 1370 2160; baseline -0.003 -14"><span class='ocrx_word' id='word_1_253' title='bbox 49 2107 89 2146; x_wconf 84' lang='lat'>&amp;</span> <span class='ocrx_word' id='word_1_254' title='bbox 111 2105 288 2160; x_wconf 87' lang='lat' dir='ltr'>eligendi</span> <span class='ocrx_word' id='word_1_255' title='bbox 309 2105 360 2145; x_wconf 89' lang='lat' dir='ltr'>de</span> <span class='ocrx_word' id='word_1_256' title='bbox 381 2106 572 2146; x_wconf 83' lang='lat' dir='ltr'>omuibus</span> <span class='ocrx_word' id='word_1_257' title='bbox 594 2105 855 2152; x_wconf 86' lang='lat' dir='ltr'>exercitibus,</span> <span class='ocrx_word' id='word_1_258' title='bbox 887 2117 991 2157; x_wconf 82' lang='lat' dir='ltr'>quos</span> <span class='ocrx_word' id='word_1_259' title='bbox 1009 2104 1169 2149; x_wconf 83' lang='lat' dir='ltr'>vellent,</span> <span class='ocrx_word' id='word_1_260' title='bbox 1203 2116 1370 2157; x_wconf 83' lang='lat' dir='ltr'>permu-</span> 
     </span>
     <span class='ocr_line' id='line_1_35' title="bbox 669 2161 1370 2214; baseline -0.006 -10"><span class='ocrx_word' id='word_1_261' title='bbox 669 2162 710 2203; x_wconf 85' lang='lat' dir='ltr'><strong>K</strong></span> <span class='ocrx_word' id='word_1_262' title='bbox 734 2175 756 2204; x_wconf 86' lang='lat'>2</span> <span class='ocrx_word' id='word_1_263' title='bbox 1172 2161 1370 2214; x_wconf 81' lang='lat' dir='ltr'>taudique</span> 
     </span>
    </p>
   </div>
   <div class='ocr_carea' id='block_1_4' title="bbox 53 2295 1375 2608">
    <p class='ocr_par' dir='ltr' id='par_1_5' title="bbox 53 2295 1375 2569">
     <span class='ocr_line' id='line_1_36' title="bbox 99 2295 1370 2342; baseline -0.004 -10"><span class='ocrx_word' id='word_1_264' title='bbox 99 2302 138 2333; x_wconf 92' lang='lat' dir='ltr'>C.</span> <span class='ocrx_word' id='word_1_265' title='bbox 155 2299 208 2340; x_wconf 85' lang='lat'>38.</span> <span class='ocrx_word' id='word_1_266' title='bbox 227 2299 282 2341; x_wconf 79' lang='grc' dir='ltr'>(ι)</span> <span class='ocrx_word' id='word_1_267' title='bbox 307 2299 526 2342; x_wconf 82' lang='lat' dir='ltr'>Jurcjurando</span> <span class='ocrx_word' id='word_1_268' title='bbox 554 2297 748 2339; x_wconf 70' lang='lat' dir='ltr'>interposito</span> <span class='ocrx_word' id='word_1_269' title='bbox 774 2295 942 2334; x_wconf 80' lang='lat' dir='ltr'>sancitam,</span> <span class='ocrx_word' id='word_1_270' title='bbox 965 2295 1013 2328; x_wconf 87' lang='lat' dir='ltr'>ita</span> <span class='ocrx_word' id='word_1_271' title='bbox 1026 2303 1063 2328; x_wconf 92' lang='lat' dir='ltr'>ut</span> <span class='ocrx_word' id='word_1_272' title='bbox 1087 2295 1152 2328; x_wconf 80' lang='lat' dir='ltr'>fine</span> <span class='ocrx_word' id='word_1_273' title='bbox 1169 2307 1288 2339; x_wconf 79' lang='lat' dir='ltr'>magno</span> <span class='ocrx_word' id='word_1_274' title='bbox 1306 2296 1370 2328; x_wconf 88' lang='lat' dir='ltr'>sce-</span> 
     </span>
     <span class='ocr_line' id='line_1_37' title="bbox 53 2342 1371 2386; baseline -0.004 -9"><span class='ocrx_word' id='word_1_275' title='bbox 53 2346 120 2378; x_wconf 67' lang='lat' dir='ltr'>lere</span> <span class='ocrx_word' id='word_1_276' title='bbox 145 2344 263 2377; x_wconf 76' lang='lat' dir='ltr'>violari</span> <span class='ocrx_word' id='word_1_277' title='bbox 292 2355 360 2377; x_wconf 85' lang='lat' dir='ltr'>nou</span> <span class='ocrx_word' id='word_1_278' title='bbox 388 2343 501 2386; x_wconf 78' lang='lat' dir='ltr'>poffet.</span> <span class='ocrx_word' id='word_1_279' title='bbox 549 2345 628 2374; x_wconf 80' lang='lat' dir='ltr'>th-</span> <span class='ocrx_word' id='word_1_280' title='bbox 645 2345 795 2384; x_wconf 74' lang='lat' dir='ltr'>†sacmlae</span> <span class='ocrx_word' id='word_1_281' title='bbox 815 2345 894 2385; x_wconf 74' lang='lat' dir='ltr'>leges.</span> <span class='ocrx_word' id='word_1_282' title='bbox 945 2344 1067 2373; x_wconf 67' lang='lat' dir='ltr'>(Tolom‘ae</span> <span class='ocrx_word' id='word_1_283' title='bbox 1093 2346 1251 2373; x_wconf 63' lang='lat' dir='ltr'>maritimae</span> <span class='ocrx_word' id='word_1_284' title='bbox 1284 2342 1371 2372; x_wconf 55' lang='lat' dir='ltr'>infra}</span> 
     </span>
     <span class='ocr_line' id='line_1_38' title="bbox 54 2387 1370 2431; baseline -0.005 -8"><span class='ocrx_word' id='word_1_285' title='bbox 54 2399 281 2423; x_wconf 82' lang='lat' dir='ltr'>memorantur</span> <span class='ocrx_word' id='word_1_286' title='bbox 298 2391 319 2422; x_wconf 90' lang='lat' dir='ltr'>l.</span> <span class='ocrx_word' id='word_1_287' title='bbox 336 2390 391 2430; x_wconf 82' lang='lat'>36.</span> <span class='ocrx_word' id='word_1_288' title='bbox 405 2400 434 2421; x_wconf 87' lang='lat' dir='ltr'>c.</span> <span class='ocrx_word' id='word_1_289' title='bbox 451 2400 480 2429; x_wconf 84' lang='lat'>3.</span> <span class='ocrx_word' id='word_1_290' title='bbox 532 2388 587 2427; x_wconf 62' lang='grc' dir='ltr'>(π)</span> <span class='ocrx_word' id='word_1_291' title='bbox 600 2390 727 2431; x_wconf 80' lang='lat' dir='ltr'>Nempe</span> <span class='ocrx_word' id='word_1_292' title='bbox 746 2387 882 2419; x_wconf 81' lang='lat' dir='ltr'>Antii&amp;</span> <span class='ocrx_word' id='word_1_293' title='bbox 895 2387 1011 2424; x_wconf 83' lang='lat' dir='ltr'>Ostiae3</span> <span class='ocrx_word' id='word_1_294' title='bbox 1034 2387 1154 2428; x_wconf 74' lang='lat' dir='ltr'>quibus</span> <span class='ocrx_word' id='word_1_295' title='bbox 1166 2387 1296 2418; x_wconf 79' lang='lat' dir='ltr'>vacatio</span> <span class='ocrx_word' id='word_1_296' title='bbox 1308 2387 1370 2417; x_wconf 59' lang='lat' dir='ltr'>hic</span> 
     </span>
     <span class='ocr_line' id='line_1_39' title="bbox 54 2432 1373 2479; baseline -0.005 -11"><span class='ocrx_word' id='word_1_297' title='bbox 54 2437 126 2479; x_wconf 73' lang='lat' dir='ltr'>lege</span> <span class='ocrx_word' id='word_1_298' title='bbox 156 2438 244 2473; x_wconf 82' lang='lat' dir='ltr'>data,</span> <span class='ocrx_word' id='word_1_299' title='bbox 269 2444 306 2468; x_wconf 89' lang='lat' dir='ltr'>ut</span> <span class='ocrx_word' id='word_1_300' title='bbox 331 2434 514 2476; x_wconf 54' lang='lat' dir='ltr'>frequenti&amp;</span> <span class='ocrx_word' id='word_1_301' title='bbox 546 2434 724 2471; x_wconf 79' lang='lat' dir='ltr'>efficerent,</span> <span class='ocrx_word' id='word_1_302' title='bbox 747 2445 788 2465; x_wconf 90' lang='lat' dir='ltr'>ne</span> <span class='ocrx_word' id='word_1_303' title='bbox 814 2433 908 2464; x_wconf 73' lang='lat' dir='ltr'>facile</span> <span class='ocrx_word' id='word_1_304' title='bbox 926 2433 1022 2464; x_wconf 80' lang='lat' dir='ltr'>urbes</span> <span class='ocrx_word' id='word_1_305' title='bbox 1051 2432 1202 2474; x_wconf 78' lang='lat' dir='ltr'>intercipi</span> <span class='ocrx_word' id='word_1_306' title='bbox 1233 2432 1373 2474; x_wconf 71' lang='lat' dir='ltr'>possent.</span> 
     </span>
     <span class='ocr_line' id='line_1_40' title="bbox 55 2477 1372 2523; baseline -0.005 -9"><span class='ocrx_word' id='word_1_307' title='bbox 55 2484 113 2523; x_wconf 85' lang='lat'>(3)</span> <span class='ocrx_word' id='word_1_308' title='bbox 137 2483 288 2514; x_wconf 85' lang='lat' dir='ltr'>Duorum</span> <span class='ocrx_word' id='word_1_309' title='bbox 306 2482 434 2513; x_wconf 68' lang='lat' dir='ltr'>tantum</span> <span class='ocrx_word' id='word_1_310' title='bbox 451 2479 653 2513; x_wconf 65' lang='lat' dir='ltr'>exercituum</span> <span class='ocrx_word' id='word_1_311' title='bbox 670 2480 789 2511; x_wconf 62' lang='lat' dir='ltr'>eleetio</span> <span class='ocrx_word' id='word_1_312' title='bbox 810 2479 907 2509; x_wconf 73' lang='lat' dir='ltr'>(latur</span> <span class='ocrx_word' id='word_1_313' title='bbox 925 2477 1061 2515; x_wconf 81' lang='lat' dir='ltr'>consuli,</span> <span class='ocrx_word' id='word_1_314' title='bbox 1084 2477 1136 2509; x_wconf 89' lang='lat' dir='ltr'>cui</span> <span class='ocrx_word' id='word_1_315' title='bbox 1155 2477 1276 2509; x_wconf 84' lang='lat' dir='ltr'>Bruttii</span> <span class='ocrx_word' id='word_1_316' title='bbox 1294 2486 1372 2518; x_wconf 83' lang='lat' dir='ltr'>pro-</span> 
     </span>
     <span class='ocr_line' id='line_1_41' title="bbox 57 2521 1375 2569; baseline -0.005 -10"><span class='ocrx_word' id='word_1_317' title='bbox 57 2526 167 2559; x_wconf 71' lang='lat' dir='ltr'>vincia</span> <span class='ocrx_word' id='word_1_318' title='bbox 182 2527 349 2565; x_wconf 67' lang='lat' dir='ltr'>evenisset,</span> <span class='ocrx_word' id='word_1_319' title='bbox 369 2526 467 2569; x_wconf 67' lang='lat' dir='ltr'>supini</span> <span class='ocrx_word' id='word_1_320' title='bbox 493 2536 522 2558; x_wconf 87' lang='lat' dir='ltr'>c.</span> <span class='ocrx_word' id='word_1_321' title='bbox 544 2534 598 2567; x_wconf 79' lang='grc'>35.</span> <span class='ocrx_word' id='word_1_322' title='bbox 649 2526 746 2557; x_wconf 80' lang='lat' dir='ltr'>Nunc</span> <span class='ocrx_word' id='word_1_323' title='bbox 769 2524 857 2556; x_wconf 74' lang='lat' dir='ltr'>aliud</span> <span class='ocrx_word' id='word_1_324' title='bbox 884 2524 1009 2565; x_wconf 65' lang='lat' dir='ltr'>agendo</span> <span class='ocrx_word' id='word_1_325' title='bbox 1035 2522 1166 2565; x_wconf 86' lang='lat' dir='ltr'>reponit</span> <span class='ocrx_word' id='word_1_326' title='bbox 1190 2522 1304 2554; x_wconf 84' lang='lat' dir='ltr'>Livius</span> <span class='ocrx_word' id='word_1_327' title='bbox 1328 2521 1375 2558; x_wconf 83' lang='lat' dir='ltr'>id,</span> 
     </span>
    </p>

    <p class='ocr_par' dir='ltr' id='par_1_6' title="bbox 1282 2567 1373 2608">
     <span class='ocr_line' id='line_1_42' title="bbox 1282 2567 1373 2608; baseline 0.011 -10"><span class='ocrx_word' id='word_1_328' title='bbox 1282 2567 1373 2608; x_wconf 77' lang='lat' dir='ltr'>quod</span> 
     </span>
    </p>
   </div>
  </div>
 </body>
</html>
