1834 3099
137 197 222 242 274

151 516 283 559 Legiones
303 519 357 544 20.

148 574 238 594 nave:
257 557 335 593 160-

156 951 307 996 Prongiae.

860 176 915 219 T.
981 175 1202 221 LIVII

371 322 467 352 cum
486 307 656 350 totidem
678 305 849 348 navibus
871 306 1022 347 tuenda
1044 306 1139 347 data
1169 304 1242 347 est.
1275 303 1352 345 tria
1371 303 1498 347 millia
1519 303 1698 345 militum

372 370 416 410 in
437 381 528 410 eam
560 366 720 408 classem
754 379 807 406 ex
841 364 1005 406 decreto
1036 366 1207 406 Parrum
1228 351 1414 405 consules
1441 362 1705 418 scripserunt,

376 430 419 470 ὅτ
438 427 539 469 duas
560 424 743 481 legiones
765 423 940 466 urbanas
957 425 1007 465 ad
1031 424 1185 465 incerta
1206 422 1315 464 belli.
1377 421 1589 478 Hispaniae
1611 435 1709 464 cum

378 484 624 529 exercitibus
653 482 910 538 imperioque
931 482 1137 524 veteribus
1160 480 1495 536 imperatoribus,
1528 481 1578 522 L.
1601 481 1713 522 Len-

379 546 468 586 tulo
506 546 548 586 &
582 543 632 585 L.
673 542 839 584 Manlio
864 541 1060 591 Acidino,
1092 542 1281 582 decretae.
1341 539 1505 596 Viginti
1540 539 1712 581 omnino

379 601 626 660 legionibus,
660 604 702 644 ὂτ
723 610 891 643 centum
925 599 1131 656 sexaginta
1159 598 1331 641 navibus
1367 598 1503 656 longis
1532 613 1596 641 res
1623 595 1714 639 Ro'-

382 676 502 704 mana
525 676 574 703 eo
610 674 718 702 anno
757 659 881 716 gesta.
942 659 1144 701 Praetores
1166 659 1209 700 in
1241 657 1472 714 provincias
1513 657 1571 699 ire
1603 656 1711 713 jufli.

381 720 631 764 Consulibus
666 719 930 774 imperatum,
962 718 1199 774 priusquam
1221 717 1271 759 ab
1289 716 1388 758 urbe
1409 715 1716 773 proficisceren-

381 790 465 831 tur,
496 780 615 820 ludos
632 792 803 834 magnos
818 777 1015 826 facerent,
1049 779 1110 833 (3)
1132 791 1237 832 quos
1253 776 1306 818 T.
1320 775 1508 817 Manlius
1523 775 1716 830 Torqua-

383 848 454 881 tus
473 838 650 880 dictator
677 837 720 877 in
742 836 935 891 quintum
967 850 1123 877 annum
1155 835 1334 886 voviffet‚
1366 835 1393 876 fi
1426 834 1572 876 eodem
1609 833 1715 875 statu

383 896 608 953 respublica
641 895 776 937 staret.
838 895 889 935 Et
924 908 1050 936 novas
1083 895 1303 950 religiones
1326 896 1387 949 (4)
1406 892 1642 935 excitabant
1673 888 1717 934 i'n

384 956 532 998 animis
573 954 791 996 hominum
825 953 1027 1008 prodigia,
1059 967 1108 994 ex
1144 952 1329 1008 pluribus
1371 952 1471 994 locis
1506 952 1716 994 nunciata.

387 1016 554 1057 Aurum
589 1012 632 1052 in
654 1012 862 1066 Capitolio
903 1011 1015 1053 corvi
1048 1026 1133 1052 non
1163 1011 1348 1052 laceraffe
1382 1013 1547 1052 tantslm
1577 1010 1718 1052 rostris

386 1073 549 1124 crediti,
581 1071 648 1112 sed
670 1071 794 1111 etiam
817 1070 952 1111 ediffe.
1021 1070 1170 1112 Mures
1195 1070 1312 1111 Antii
1334 1084 1530 1111 coronam
1551 1084 1720 1111 auream

387 1131 580 1174 arrosere.
643 1129 765 1172 Circa
788 1129 978 1185 Capuam
1015 1143 1182 1170 omnem
1210 1143 1354 1185 agrum
1385 1128 1636 1170 locustarum
1656 1128 1719 1170 vis

387 1193 552 1247 ingens,
581 1189 638 1230 ita
659 1198 720 1238 ut,
751 1188 860 1229 uncle
892 1187 1158 1241 advenissent,
1189 1201 1335 1242 parum
1360 1187 1578 1241 constaret,
1606 1201 1721 1229 com-

389 1250 527 1307 plevit.
589 1248 802 1302 Equuleus
838 1247 972 1288 Reate
1009 1260 1104 1287 cum
1148 1247 1332 1301 quinque
1369 1245 1543 1302 pedibus
1584 1256 1719 1289 natus.

391 1306 595 1366 Anagniae
631 1305 750 1360 sparfi
773 1303 954 1361 primum
986 1304 1101 1361 ignes
1137 1305 1179 1345 in
1210 1306 1336 1357 coelo,
1367 1305 1464 1346 dein
1486 1304 1553 1346 fax
1576 1305 1721 1363 ingens

391 1367 496 1410 arsit.
558 1365 782 1407 Frusinone
804 1379 921 1406 arcus
944 1363 1069 1405 solem
1106 1364 1220 1406 tenui
1255 1363 1364 1405 linea
1397 1365 1611 1419 amplexus
1633 1364 1721 1415 est;

390 1425 594 1469 circulum
616 1424 764 1465 deinde
785 1423 918 1478 ipsum
939 1423 1070 1479 major
1083 1422 1175 1465 solis
1196 1422 1305 1464 orbis
1319 1422 1570 1465 extrinsecus
1591 1423 1725 1465 inclu-

391 1486 454 1527 fit.
517 1482 666 1538 Arpini
679 1492 785 1523 terra
807 1482 1022 1538 campestri
1045 1497 1140 1537 agro
1162 1482 1205 1522 in
1227 1482 1438 1538 ingentem
1460 1482 1591 1522 finum
1624 1497 1722 1524 con-

391 1542 507 1586 sedit.
564 1541 795 1584 Consulum
836 1540 965 1586 alteri‚
1024 1541 1200 1595 primam
1250 1540 1425 1581 hostiam
1471 1541 1722 1593 immolanti,

391 1607 416 1658 ss
437 1609 560 1656 caput
591 1599 791 1658 jocinoris
824 1599 970 1640 defuit.
1032 1599 1091 1640 Ea
1121 1599 1306 1655 prodigia
1327 1599 1551 1655 majoribus
1581 1599 1727 1642 hostiis

391 1669 624 1716 procurata.
661 1663 677 1710 ΙΙ
699 1657 798 1700 editi
819 1672 842 1700 a
861 1656 1036 1714 collegio
1069 1657 1318 1713 pontificum
1351 1657 1441 1709 Dii,
1473 1658 1624 1714 quibus
1663 1658 1725 1702 sa-

391 1718 661 1762 crificaretur.

452 1777 530 1818 111.
563 1776 617 1818 Iis
638 1774 869 1828 transactis,
904 1775 1090 1817 consules
1123 1776 1396 1831 praetoresque
1427 1776 1470 1817 in
1491 1776 1724 1831 provincias

394 1833 587 1892 profefili.
620 1833 812 1875 omnibus
833 1844 990 1886 tamen,
1022 1835 1132 1875 velut
1148 1849 1243 1876 eam
1256 1835 1420 1885 sortitis,
1453 1835 1608 1877 Africae
1626 1851 1725 1878 cura

395 1904 512 1943 erat3
546 1892 615 1934 seu
652 1893 748 1947 quia
782 1893 836 1933 ibi
859 1892 1061 1933 summam
1082 1907 1220 1935 rerum
1240 1893 1418 1948 bellique
1451 1895 1554 1935 verti
1585 1909 1728 1936 cerne-

395 1953 525 2002 bant3
558 1951 627 1993 seu
649 1961 695 1992 ut
717 1950 900 2006 Scipioni
921 1951 1268 2008 gratificarentur,
1298 1953 1342 1993 in
1364 1967 1488 2006 quern
1511 1963 1602 1994 tum
1636 1968 1728 1995 om-

397 2012 461 2053 nis
492 2010 603 2052 versa
625 2009 765 2051 civitas
797 2019 898 2051 erat.
958 2011 1102 2065 Itaque
1133 2025 1217 2053 non
1243 2025 1297 2053 ex
1321 2009 1510 2053 Sardinia
1545 2014 1727 2065 tantum,

398 2070 517 2125 (ficut
538 2069 631 2110 ante
653 2067 813 2110 dietum
835 2068 910 2124 est)
945 2068 1013 2110 sed
1043 2083 1093 2110 ex
1114 2070 1252 2112 Sicilia
1274 2084 1440 2125 quoque
1465 2072 1504 2112 &
1527 2070 1727 2126 Hispania

398 2128 655 2180 vestimenta,
687 2127 1044 2183 frumentumque,
1079 2131 1119 2172 &
1142 2143 1255 2170 arma
1282 2129 1406 2171 etiam
1433 2143 1488 2172 ex
1505 2128 1659 2180 Sicilia,
1683 2132 1725 2172 &c

401 2259 540 2293 navibus
556 2258 656 2292 tueri.
671 2259 696 2292 l.
715 2269 768 2302 29.
785 2271 814 2292 c.
836 2269 886 2300 13.
931 2258 1010 2292 Vid.
1026 2267 1096 2292 not.
1111 2269 1141 2292 2.
1157 2261 1197 2294 ad
1214 2271 1244 2294 e.
1266 2260 1334 2294 1.1.
1351 2260 1404 2294 26.
1421 2260 1529 2304 supra.
1577 2261 1633 2304 (3)
1644 2261 1727 2297 vid.
1757 2267 1760 2270 ’

400 2306 502 2349 supra
519 2306 539 2337 l.
563 2315 613 2346 27.
631 2316 658 2337 c.
687 2315 742 2346 33.
769 2306 840 2337 Hos
863 2313 974 2338 tamen
999 2305 1094 2338 ludos
1120 2307 1253 2338 demum
1271 2318 1290 2339 a
1307 2307 1495 2339 consulibus
1517 2307 1728 2348 sequentibnn

400 2353 508 2384 {aditos
524 2350 597 2388 effe,
621 2350 709 2384 infra
726 2351 910 2382 videbimus
927 2362 954 2383 c.
971 2359 1023 2391 27.
1073 2351 1212 2383 Causam
1229 2351 1294 2384 illis
1311 2352 1502 2384 differendis
1514 2353 1634 2385 dedisse
1648 2364 1728 2396 pro·

402 2397 490 2439 digia
517 2396 581 2428 hoc
597 2407 686 2428 anno
716 2396 885 2435 nunciata,
906 2396 1089 2439 suspicatur
1116 2396 1261 2440 Pighius.
1302 2399 1358 2439 (4)
1374 2401 1534 2441 Religiones
1551 2399 1629 2431 alibi
1645 2399 1727 2432 dicit

401 2442 520 2474 Livius
537 2442 607 2484 ipsa
633 2442 799 2485 prodigia,
821 2441 957 2480 ostenta,
982 2443 1015 2473 δε
1041 2442 1174 2475 omina:
1200 2443 1298 2485 supi-<⁸1
1328 2443 1349 2474 l.
1366 2454 1394 2483 7.
1419 2455 1446 2476 c.
1464 2455 1495 2485 3.
1520 2444 1608 2476 infra
1634 2445 1653 2476 1.
1674 2455 1728 2485 31.

402 2498 433 2520 c.
454 2497 506 2528 13.
531 2488 555 2519 1.
571 2496 628 2528 37.
641 2498 670 2517 c·
689 2497 720 2527 3.
747 2489 870 2531 Religio,
893 2498 955 2530 pro
984 2495 1075 2519 metu
1093 2488 1171 2521 inde
1196 2488 1313 2520 animis
1330 2488 1464 2532 inje&o‚
1481 2489 1595 2532 passim
1612 2501 1727 2523 occur-

402 2532 455 2564 rit.
468 2535 602 2610 dlfnde
614 2532 712 2566 etiam
727 2534 849 2577 reltgiafi
861 2532 1010 2568 homines
1023 2534 1122 2577 supra
1138 2534 1162 2567 1.
1185 2543 1238 2575 24.
1258 2545 1285 2569 e.
1304 2543 1357 2568 ιο.
1375 2534 1434 2579 qui
1447 2536 1544 2570 facile
1557 2541 1725 2570 terremur

403 2587 465 2620 pro
490 2589 573 2623 igm-

1600 2672 1724 2707 omne
