1834 3099
140 157 242 230 23'6'

134 290 230 323 fadus
242 293 300 333 (jus

133 348 193 367 cum
219 338 323 370 Ionis.

140 1666 171 1697 A
182 1666 335 1709 conjuratis

139 1714 279 1744 miditur.

893 154 1193 217 TIL1V11

364 287 615 332 faciendum.
677 285 808 333 Paao'
824 291 1034 344 convenit,
1058 301 1121 345 ut,
1158 305 1290 348 quum
1312 291 1527 338 Romanos
1546 294 1688 338 Sicilia

362 346 619 403 expuliffent,
637 348 695 404 (id
718 359 855 391 autem
872 349 984 393 brevi
1004 350 1109 401 fore,
1132 350 1157 393 si
1175 365 1297 394 naves
1315 361 1437 409 atque
1458 354 1686 397 exercitum

361 405 571 463 misissent)
585 407 760 450 Himera
787 409 936 460 amnis,
959 410 1029 466 qui
1066 409 1197 452 ferme
1219 408 1391 453 insulam
1414 411 1576 466 dividit,
1592 419 1617 466 †
1637 411 1688 455 fia

362 459 425 507 nis
439 465 554 522 regni
574 465 816 523 Syracusani
837 481 884 510 ac
899 467 1048 512 Punici
1065 468 1226 526 imperii
1242 469 1351 511 effet.
1413 471 1552 513 Aliam
1570 471 1690 513 dein·

362 524 430 575 de,
448 523 612 568 inflatus
642 526 973 570 assentationibus
989 541 1152 579 eorum,
1169 528 1240 584 qui
1261 541 1358 569 eum
1387 542 1471 571 non
1488 529 1687 572 Hieronis

362 584 540 632 tantum,
561 583 628 626 sed
641 583 789 642 Pyrrhi
811 585 934 627 etiam
956 586 1079 643 regis,
1115 587 1289 629 materni
1307 586 1385 642 avi(
1392 589 1452 643 5),
1483 587 1686 645 jubebant

361 641 604 696 meminiffe,
618 643 865 700 legationem
889 643 1008 695 mifit,
1026 646 1108 701 qua
1130 659 1296 703 aequum
1318 645 1525 698 censebat,
1539 649 1604 703 (6)
1619 647 1685 689 Si-

360 699 454 742 cilia
490 700 559 743 fibi
596 702 710 743 omni
741 703 860 745 cedi:
892 703 1019 745 ltaliae
1055 705 1274 759 imperium
1306 703 1520 760 proprium
1556 705 1687 761 quaeri

362 757 689 815 Karthaginienfi
727 763 895 819 populo.
955 761 1076 805 Hanc
1106 764 1314 805 levitatem
1335 777 1382 805 ac
1414 763 1686 820 jaCtationem

361 820 423 874 (7)
460 819 585 861 animi
627 833 761 877 neque
802 820 1056 863 mirabantur
1089 822 1131 862 in
1162 823 1315 878 juvene
1345 820 1516 875 furioso,
1549 823 1687 879 neque

362 877 600 934 arguebant,
619 879 844 922 dummodo
861 889 1089 922 averterent
1108 893 1204 922 eum
1221 880 1270 926 ab
1294 880 1510 924 Romanis.

419 935 516 978 V11.
548 936 630 979 Sed
651 936 790 978 omnia
822 938 864 979 in
900 951 950 980 eo
986 938 1212 994 praecipitia
1242 942 1305 995 (1)
1326 939 1376 979 ad
1399 939 1573 980 exitium
1594 937 1686 980 fue-

362 1003 472 1047 runt.
508 1008 604 1036 nam
640 1010 788 1052 quum,
809 996 1017 1053 praemissis
1047 997 1302 1053 Hippocrate
1343 1009 1466 1053 atque
1502 997 1684 1054 Epicyde

363 1066 459 1094 cum
491 1052 598 1095 binis
618 1055 800 1096 millibus
820 1065 1070 1096 armatorum
1102 1057 1152 1097 ad
1182 1057 1396 1097 tentandas
1418 1055 1554 1106 urbes,
1588 1071 1685 1111 quae

364 1111 556 1165 praefidiis
577 1112 820 1154 tenebantur
843 1113 1060 1162 Romanis,
1084 1117 1126 1155 &
1155 1113 1237 1170 ipse
1265 1114 1308 1155 in
1343 1114 1570 1157 Leontinos
1587 1129 1684 1156 cum

363 1180 500 1212 cetero
521 1170 635 1213 omni
664 1171 846 1212 exercitu
869 1173 1001 1225 (erant
1037 1181 1175 1214 autem
1211 1173 1261 1213 ad
1292 1172 1530 1228 quindecim
1557 1173 1686 1213 millia

361 1228 548 1283 peditum
561 1229 850 1287 equitumque)
893 1229 1077 1272 rofeetus
1090 1230 1204 1279 effen
1221 1230 1368 1273 liberas
1385 1230 1493 1273 aedes
1506 1233 1571 1287 (ζ)
1584 1244 1684 1273 con-

359 1287 486 1343 jurati
545 1289 605 1343 (&
657 1302 802 1330 omnes
851 1244 957 1330 ἱξηὲ
997 1287 1246 1343 militabant)
1280 1288 1544 1332 imminentes
1607 1289 1683 1342 viaej

363 1345 558 1402 angustae,
589 1347 671 1404 qua
691 1347 936 1389 descendere
963 1348 1014 1391 ad
1044 1346 1182 1390 forum
1213 1360 1283 1389 rex
1305 1346 1473 1399 solebat,
1506 1347 1694 1403 sumpse·

362 1415 474 1447 runt.
512 1405 582 1456 ibi,
624 1420 753 1464 quum
790 1404 978 1450 instructi
1027 1406 1255 1463 armatique
1305 1406 1431 1448 ceteri
1471 1407 1684 1449 tranfitum

363 1460 644 1519 exspectantes
675 1464 840 1515 starent,
858 1464 929 1507 uni
950 1478 999 1508 ex
1028 1464 1104 1515 eis,
1141 1464 1388 1519 (Dinomeni
1408 1464 1488 1507 fuit
1510 1469 1684 1520 nomen)

364 1522 461 1578 quia
476 1522 612 1565 custos
632 1523 813 1578 corporis
833 1533 934 1566 erat,
953 1531 1087 1581 partes
1109 1523 1214 1566 datae
1242 1522 1349 1573 sunt,
1369 1534 1430 1574 ut,
1464 1537 1594 1579 quum
1611 1539 1684 1580 πρ,

365 1575 658 1636 propinquaret
674 1582 813 1638 januae
825 1594 913 1632 rex,
932 1595 1005 1638 per
1022 1586 1047 1634 †
1063 1581 1223 1624 causam
1246 1581 1425 1638 aliquam
1462 1581 1505 1623 in
1535 1581 1684 1640 angus-

366 1637 434 1686 tiis
453 1638 662 1693 sustineret
683 1639 733 1680 ab
753 1650 869 1696 tergo
886 1653 1044 1696 agmen.
1080 1639 1159 1692 Ita,
1176 1650 1222 1682 ut
1242 1650 1503 1693 convenerat,
1521 1640 1682 1683 factum

367 1696 439 1739 est.
473 1707 670 1754 tanquam
697 1699 849 1739 laxaret
871 1699 1022 1741 elatum
1044 1700 1192 1755 pedem
1214 1699 1264 1739 ab
1289 1699 1430 1742 {iricio
1453 1700 1580 1751 nodo,
1593 1714 1685 1741 mo·

366 1756 655 1799 ratus'turbar'n
672 1756 943 1806 Dinomenes,
957 1766 1117 1798 tantum
1139 1757 1338 1799 intervalli
1355 1757 1468 1803 fecit.
1490 1769 1535 1800 ut
1549 1773 1681 1814 quum

364 1815 408 1857 in
429 1826 744 1870 praetereuntem
768 1816 846 1856 fine
869 1815 1033 1856 armatis
1054 1829 1191 1871 regem
1215 1816 1392 1871 impetus
1420 1815 1551 1866 fieret,
1582 1830 1683 1861 con·¹

364 1871 573 1918 foderetur
592 1874 748 1930 aliquot
775 1871 890 1928 prius
909 1873 1159 1921 vulneribus,
1181 1875 1307 1931 quam
1327 1874 1508 1917 succurri
1539 1875 1678 1932 postet.

365 1932 556 1979 Clamore
591 1935 632 1975 &
666 1933 849 1976 tumultu
871 1931 1025 1982 audito,
1048 1931 1089 1973 in
1126 1932 1422 1986 Dinomenem,
1438 1934 1526 1991 jam
1554 1933 1681 2034 ὲιεέιέ

1586 2007 1611 2034 u
1642 2007 1680 2034 ιε

366 2137 414 2162 tas
428 2129 543 2172 juncta
568 2136 639 2161 erat
663 2127 750 2162 inter
767 2126 989 2161 Hannibalem
1007 2127 1041 2160 &
1059 2127 1315 2173 Hieronymum·
1362 2130 1409 2162 At
1423 2128 1495 2167 vult
1514 2129 1681 2174 Hierony-

366 2186 437 2207 mus
450 2174 547 2208 etiam
564 2175 670 2213 foedus
692 2176 799 2208 facere
822 2184 898 2207 cum
918 2173 1182 2218 Karthaginienfi
1199 2175 1336 2217 populo.
1381 2175 1439 2217 (5)
1462 2175 1558 2214 Gelo,
1581 2176 1681 2208 Hier-

366 2218 478 2262 onymi
498 2228 600 2264 pater,
616 2219 792 2253 Nereidem
816 2218 916 2250 filiam
933 2219 1054 2263 Pyrrhi
1079 2219 1163 2263 regis
1193 2230 1331 2252 uxorem
1353 2220 1503 2254 duxerat.
1547 2221 1606 2262 (6)
1628 2221 1680 2252 Sic

365 2265 452 2298 iniri
466 2266 489 2299 l.
509 2276 561 2306 45.
577 2277 607 2298 c.
628 2275 677 2297 Η.
689 2266 806 2309 nfistbr'
826 2266 863 2298 ω’
875 2272 934 2296 tota
960 2267 1055 2310 Cypm
1074 2266 1112 2298 &²
1129 2266 1238 2310 Pelusio
1254 2268 1368 2298 cederet.
1419 2268 1519 2299 Cedere
1527 2267 1680 2312 pffffione

365 2310 462 2354 supra
474 2310 499 2344 l.
512 2321 540 2352 3.
557 2321 583 2344 e.
595 2321 648 2352 45.
668 2310 690 2342 1.
712 2322 744 2349 4.
759 2321 786 2343 c.
804 2310 823 2342 6
839 2310 871 2342 Sc
884 2320 937 2350 53.
957 2312 988 2341 δι
1005 2309 1084 2343 alibi
1098 2309 1194 2353 saepe.
1232 2311 1289 2353 (7)
1303 2310 1554 2345 luconstamiain
1567 2311 1680 2348 animi.

366 2367 452 2389 nunc
467 2356 542 2396 hue,
558 2367 645 2390 nunc
663 2356 741 2390 illuc
754 2357 786 2389 se
803 2354 973 2388 vertentis.

409 2421 447 2452 C.
474 2429 503 2458 7.
523 2420 580 2462 (1)
601 2419 697 2454 Talia
712 2419 859 2458 fuerunt,
869 2427 904 2452 ut
923 2418 1120 2462 ptaeeeps‘in
1145 2418 1280 2453 exitium
1310 2427 1432 2455 rueret.
1480 2421 1616 2464 Praeeeps
1638 2424 1680 2453 a.!

366 2469 492 2496 novanda
508 2469 598 2498 omnia
626 2465 713 2499 infra
729 2466 754 2500 l.
776 2473 832 2505 42.
849 2476 878 2499 c.
896 2474 947 2506 30.
991 2467 1050 2507 (2)
1071 2466 1174 2498 AEdes
1197 2476 1328 2505 vacuas,
1343 2466 1377 2498 in
1400 2465 1518 2509 quibus
1536 2466 1593 2509 ips·
1619 2466 1677 2499 soli

365 2510 620 2553 hospitarentur.
665 2511 778 2545 Libere
799 2513 867 2544 edes
891 2511 1023 2549 sum,in
1048 2510 1169 2554 quibus
1192 2511 1322 2544 advena
1352 2522 1421 2544 non
1452 2521 1528 2544 cum
1543 2512 1680 2544 domino

364 2554 470 2593 simul,
484 2555 538 2589 scd
551 2556 635 2589 solus
646 2555 785 2595 habitat.
831 2556 921 2594 Infra
934 2556 956 2588 l.
977 2565 1029 2596 30.
1043 2566 1071 2589 c.
1090 2564 1146 2595 17.
1169 2555 1203 2587 ἃ
1220 2555 1309 2595 alibi.
1354 2558 1458 2590 Damas
1470 2570 1581 2589 vacuas
1598 2557 1677 2590 dicit

364 2601 450 2633 infra
464 2601 483 2634 l.
496 2611 547 2642 25.
559 2613 585 2633 c.
602 2611 653 2634 ιο.
702 2601 752 2633 Sic
770 2603 858 2644 apud
876 2602 1113 2636 Plautuntlocus
1131 2602 1202 2633 liber
1216 2601 1350 2642 dicitur,
1359 2600 1417 2635 ubi
1446 2602 1578 2636 remotis
1593 2603 1681 2635 arbi-

1349 2646 1360 2658 *
1616 2649 1675 2680 trit
