1840 3094
125 260 215 303 102

821 252 873 294 T.
931 253 1149 296 LIVII

401 366 543 410 XVII.
573 367 722 410 Primis
742 370 918 411 tenebris
937 372 1090 412 silentio
1121 378 1233 411 mota
1254 369 1379 411 castra
1401 385 1414 419 ;
1445 368 1568 410 boves
1585 366 1657 408 ali·

343 439 498 481 quanto
514 437 605 467 ante
630 427 737 482 signa
758 429 854 469 adii.
878 429 946 469 ubi
978 431 1028 469 ad
1069 429 1224 470 radices
1258 429 1462 468 montium
1492 426 1656 480 viasque

344 484 533 540 angustas
555 496 721 526 ventum
744 487 816 535 est,
849 488 1004 542 signum
1021 488 1232 542 extemplo
1254 488 1389 538 datur,
1422 496 1467 526 ut
1480 483 1655 526 accensis

344 543 537 588 cornibus
558 556 739 585 armenta
761 545 801 584 in
825 545 1008 586 adversos
1031 546 1289 586 concitentur
1305 555 1479 585 montes.
1515 546 1554 585 ἃ
1570 555 1659 582 me·

345 611 410 643 tus
461 602 542 656 ipse
573 604 791 645 relucentis
823 603 998 644 flammae
1038 618 1087 644 ex
1120 604 1268 658 capite,
1317 604 1526 657 calorque,
1569 601 1658 656 jam

344 661 395 700 ad
415 662 568 711 vivum,
600 662 648 700 ad
667 662 828 716 imaque
845 677 1045 702 cornuum
1063 662 1298 711 adveniens,
1330 662 1441 702 velut
1474 659 1658 700 stimula-

343 728 407 760 tos
423 718 561 759 furore
583 720 727 774 agebat
747 720 882 761 boves.
919 735 1000 774 quo
1032 720 1199 776 repente
1231 719 1428 771 discursu,
1458 718 1569 758 haud
1599 717 1660 756 se-

343 791 416 821 cus
439 776 562 830 quam
584 778 687 818 silvis
705 778 990 832 montibusque
1013 779 1202 827 accensis,
1232 778 1369 818 omnia
1401 774 1558 818 circum
1578 774 1660 815 vir-

342 837 456 890 gulta
488 837 660 876 ardere:
711 837 973 890 capitumque
1005 837 1114 877 irrita
1150 836 1343 890 quassatio
1365 839 1446 890 (1),
1477 833 1658 875 excitans

345 893 568 943 flammam,
599 893 816 935 hominum
838 895 976 949 passim
1016 895 1328 936 discurrentium
1361 893 1534 948 speciem
1555 905 1659 946 prae-

343 951 475 992 bebat.
538 952 625 1010 Qi
657 954 706 993 ad
729 953 939 993 transitum
962 952 1085 994 saltus
1106 953 1361 993 insidendum
1383 952 1504 1003 locati
1525 958 1657 999 erant,

343 1010 414 1050 ubi
432 1011 472 1049 in
490 1009 658 1054 summis
680 1011 888 1053 montibus
919 1026 964 1052 ac
1001 1011 1118 1066 super
1147 1011 1184 1051 se
1207 1010 1401 1065 quosdam
1425 1010 1538 1064 ignes
1559 1021 1659 1049 con-

342 1069 574 1123 spexerunt,
591 1069 891 1111 circumventos
909 1069 945 1110 se
966 1070 1040 1109 effe
1058 1070 1148 1118 rati,
1164 1069 1346 1124 praefidio
1363 1068 1559 1108 excessere
1580 1069 1658 1122 (2),

343 1129 424 1180 qua
448 1124 615 1170 minime
636 1127 768 1168 densae
805 1127 1010 1168 micabant
1040 1127 1230 1177 flammae,
1263 1128 1372 1167 velut
1414 1125 1657 1166 tutiffimum

341 1185 433 1234 iter,
466 1196 649 1240 petentes
664 1185 819 1228 summa
842 1186 1045 1225 montium
1062 1187 1160 1241 juga
1179 1202 1190 1234 ;
1223 1196 1360 1225 tamen
1383 1185 1424 1224 in
1459 1183 1657 1238 quosdam

340 1242 464 1283 boves
489 1246 643 1297 palatos
676 1243 724 1283 ab
761 1243 841 1284 suis
877 1243 1069 1299 gregibus
1111 1243 1357 1284 inciderunt.
1419 1242 1472 1282 Et
1503 1239 1658 1296 primo,

341 1315 470 1355 quum
490 1302 632 1355 procul
649 1312 876 1352 cernerent,
907 1301 1032 1342 veluti
1065 1300 1249 1342 flammas
1267 1301 1506 1356 spirantium
1535 1299 1659 1340 mira-

341 1361 435 1400 culo
454 1360 614 1400 attoniti
637 1359 934 1403 constiterunt:
966 1360 1127 1409 deinde,
1176 1370 1221 1400 ut
1252 1359 1432 1400 humana
1470 1356 1658 1413 apparuit

340 1417 469 1466 fraus,
503 1428 591 1457 tum
608 1415 704 1457 vero
723 1418 882 1458 insidias
896 1418 971 1458 rati
993 1418 1084 1468 effe,
1115 1419 1214 1458 dum
1237 1419 1391 1474 majore
1413 1427 1526 1457 metu
1559 1429 1658 1456 con-

341 1476 469 1516 citant
484 1475 520 1515 se
537 1476 577 1514 in
600 1474 757 1531 fugam,
789 1476 867 1516 levi
902 1489 1067 1530 quoque
1088 1488 1302 1517 armaturae
1320 1475 1499 1516 hostium
1520 1475 1657 1514 incur·-

339 1532 442 1574 ren.
476 1531 659 1573 ceterum
691 1548 771 1574 nox
789 1544 950 1587 aequato
987 1535 1132 1574 timore
1164 1544 1330 1574 neutros
1372 1537 1433 1589 (3)
1474 1546 1655 1588 pugnam

341 1591 582 1646 incipientes
604 1592 654 1631 ad
674 1592 808 1643 lucem
826 1592 970 1632 tenuit.
1032 1593 1208 1643 Interea,
1238 1603 1325 1632 toto
1346 1591 1507 1647 agmine
1538 1591 1658 1631 Han-

341 1650 452 1691 nibal
490 1650 727 1697 transdut‘lo
766 1664 837 1704 per
885 1650 1046 1702 saltum,
1095 1653 1133 1691 ἃ·
1192 1650 1432 1704 quibusdam
1487 1650 1530 1690 in
1570 1648 1656 1704 ipso

340 1709 442 1753 saltu
465 1722 486 1760 'ss
502 1707 680 1756 hostium
702 1708 912 1763 oppressis,
944 1709 985 1748 in
1008 1723 1104 1764 agro
1128 1708 1312 1749 Allifano
1334 1708 1468 1763 posuit
1488 1707 1630 1749 castra.

399 1767 560 1812 XVIII.
593 1765 719 1811 Hunc
743 1768 965 1807 tumultum
996 1766 1111 1807 sensit
1132 1767 1292 1808 Fabius.
1329 1765 1513 1808 ceterum
1536 1768 1575 1807 &
1593 1765 1656 1805 in-

341 1825 457 1867 fidias
478 1825 552 1865 esse
575 1834 702 1876 ratus,
736 1827 775 1866 δι
809 1825 858 1865 ab
881 1824 1085 1865 noe'turno
1105 1831 1130 1878 †
1151 1825 1293 1879 utique
1315 1825 1537 1865 abhorrens
1568 1837 1655 1864 cer-

340 1883 508 1931 tamine,
541 1882 631 1922 suos
649 1883 914 1924 munimentis
936 1883 1080 1923 tenuit.
1141 1883 1254 1924 Luce
1291 1883 1419 1937 prima
1452 1882 1523 1923 sub
1553 1883 1656 1938 jugo

342 1941 494 1981 montis
516 1941 708 1995 proelium
728 1941 835 1988 fuit,
869 1956 951 1994 quo
983 1941 1241 1982 interclusam
1275 1941 1324 1981 ab
1346 1941 1426 1982 suis
1447 1941 1576 1980 levem
1593 1954 1655 1980 ar-

340 2009 543 2040 maturam
564 1997 679 2041 facile
703 2000 871 2052 (etenim
894 2013 1066 2047 numero
1101 1999 1356 2053 aliquantum
1389 1998 1652 2054 praestabant)

342 2057 525 2098 Romani
545 2056 802 2110 superassent,
834 2056 904 2097 nisi
945 2052 1223 2112 Hispanorum
1245 2058 1407 2109 cohors,
1439 2058 1488 2096 ad
1520 2057 1562 2097 id
1592 2057 1656 2111 ip·

341 2115 430 2155 sum
448 2115 603 2154 remiffa
626 2114 675 2154 ab
697 2115 948 2164 Hannibale,
980 2116 1231 2169 perveniffet.
1265 2130 1310 2156 ea
1328 2115 1514 2156 assuetior
1536 2129 1654 2156 mon-

342 2173 467 2224 tibus,
500 2175 541 2213 &
564 2173 613 2212 ad
629 2172 954 2213 concursandum
977 2174 1081 2213 inter
1102 2173 1193 2213 saxa
1224 2174 1424 2228 rupesque
1459 2174 1590 2228 aptior
1605 2187 1651 2215 ac

341 2231 484 2282 levior,
517 2245 611 2271 cum
633 2231 845 2273 velocitate
868 2246 1102 2285 corporum,
1134 2242 1223 2271 tum
1255 2246 1462 2272 armorum
1494 2231 1651 2292 habitu,

342 2288 608 2343 campestrem
630 2287 805 2341 hostem,
837 2304 1000 2346 gravem
1033 2290 1155 2341 armis
1175 2294 1197 2344 ss
1221 2289 1529 2347 statariumque,
1549 2304 1654 2346 pug-

390 2444 431 2473 C.
451 2443 666 2483 17.(1)Dum
680 2453 797 2484 nempe
817 2442 932 2474 frustra
949 2451 1100 2476 excutere
1117 2443 1223 2486 ignem
1240 2443 1432 2476 moliuntur.
1457 2443 1517 2486 (2)
1532 2442 1651 2475 Statio·

344 2487 493 2524 nc1n‚nbi
514 2487 544 2516 in
564 2487 710 2528 praesidio
725 2488 822 2519 locati
840 2490 968 2520 fucrant
982 2490 1196 2530 reliquerunt.
1215 2491 1299 2520 Mox
1309 2489 1421 2520 minime*
1434 2489 1536 2531 dense,
1552 2496 1587 2519 ut
1601 2491 1656 2520 mi-

343 2534 414 2562 nimi
427 2534 507 2561 „mlta
526 2532 610 2562 infra
627 2533 644 2562 l.
665 2542 715 2571 31.
729 2545 755 2564 c.
773 2533 804 2564 8.
830 2534 886 2574 (3)
899 2534 930 2565 h.
949 2546 978 2566 e.
998 2535 1153 2575 utrosque
1165 2547 1183 2566 a
1197 2534 1305 2576 pugna
1322 2533 1507 2576 incipienda
1523 2533 1653 2565 aversus

343 2577 444 2617 usquc
461 2581 499 2607 ad
518 2577 621 2606 lucem
639 2577 753 2609 tenuit.
806 2579 1014 2612 Constrnc'tio
1028 2579 1192 2616 notabilis,
1213 2590 1311 2620 quam
1334 2578 1486 2622 expedire
1510 2578 1585 2610 licet
1603 2589 1654 2609 re-

341 2619 426 2671 j‹·lx*‹
434 2622 499 2652 ndo
517 2633 610 2652 voces
625 2630 730 2652 neutros
746 2625 914 2664 incipientes,
936 2623 970 2657 iu
987 2625 1118 2669 utrosque
1133 2627 1252 2668 incipere
1263 2627 1393 2659 nolentes.
1440 2622 1505 2658 Hic
1517 2634 1652 2667 quoque

342 2667 484 2709 turpiter
502 2666 664 2699 aberravit
683 2667 839 2710 Due-ring.
867 2670 900 2700 E.
1626 2665 1630 2671 ”

1587 2744 1652 2778 nae
