1840 3094
442 163 691 207 LIBER
739 163 858 205 XXI.
907 163 1157 207 CAP.L.
1620 167 1678 210 5⁹

138 290 336 333 nuci-unt,
350 282 561 324 demendis
575 284 647 337 (11)
663 279 926 321 armamentis
939 295 986 321 eo
998 289 1182 334 tempore
1198 276 1454 334 aptandaque

142 343 195 382 ad
231 350 412 397 pugnam
443 342 558 382 claffe
600 340 829 393 absumpto,
926 339 1016 380 Ubi
1062 340 1211 388 illuxit,
1267 350 1456 390 recepere

142 401 304 444 clafl'em
327 401 368 440 in
401 401 546 449 altum,
592 404 641 438 utv
671 399 842 452 spatium
887 412 1035 452 pugnae
1066 398 1178 446 effet,
1218 395 1458 447 exitumque

141 458 318 505 liberum
339 473 361 499 e
383 468 504 513 portu
526 472 648 497 naves
669 456 849 497 hostium
880 456 1091 496 haberent.
1153 455 1243 494 Nec
1278 451 1460 492 Romani

145 517 425 558 detrec'tavere
471 530 669 572 pugnam,
707 519 748 556 &
786 515 984 555 memoria
1024 515 1132 554 circa
1190 527 1237 552 ea
1279 512 1361 565 ipsa
1399 511 1464 549 lo-

141 589 189 615 ca
212 578 306 630 (12)
335 574 540 631 gestarum
561 588 699 614 rerum
720 572 830 623 sreti,
865 575 902 613 ὃ(
928 574 1106 614 militum
1129 571 1394 611 multitudine
1415 581 1461 608 ac

144 644 311 674 virtute.

203 692 253 733 L.
287 691 375 733 Ubi
396 691 438 732 in
461 692 591 732 altum
610 689 743 731 evec‘fi
761 689 869 741 sunt,
899 689 1117 729 Romanus
1135 687 1345 730 conserere
1359 699 1464 739 pug-
1483 686 1690 738 pugnam-pa-

145 765 260 803 nam,
299 753 340 793 δῑ
372 765 421 790 ex
455 751 688 805 propinquo
710 748 814 789 vires
845 748 1034 789 conferre
1065 752 1128 802 (1)
1162 748 1292 787 velle:
1321 742 1464 785 contra
1479 732 1583 809 2222?
1599 729 1690 772 Laly-

144 810 310 850 eludere
331 809 504 860 Poenus,
527 812 566 850 &
591 818 692 856 arte,
715 821 798 847 non
820 807 875 856 vi,
902 821 989 847 rem
1011 821 1169 862 gerere,
1200 805 1465 856 naviumque,
1573 796 1587 809 ⁸

147 866 273 922 quim
312 868 496 908 virorum
533 877 603 907 aut
640 880 864 914 armorum,
910 866 1030 905 malle
1068 875 1275 905 certamen
1317 862 1466 902 facere.

146 940 244 967 nam
267 935 312 966 ut
332 931 355 979 ‡
376 926 493 967 sociis
510 924 719 966 navalibus
742 925 896 964 affatim
928 923 1169 964 instrudhm
1206 922 1380 970 classem,
1412 919 1469 959 ita

147 984 318 1039 inopem
360 985 490 1025 milite
511 984 717 1025 habebant
736 999 745 1024 :
779 986 836 1031 δε,
880 982 1003 1023 sicubi
1035 982 1222 1023 conserta
1257 984 1319 1035 (2)
1356 978 1471 1019 navis

149 1043 263 1094 effet,
284 1042 606 1098 haudquaquam
628 1056 701 1097 par
720 1056 916 1082 numerus
939 1051 1191 1081 armatorum
1213 1054 1261 1079 ex
1299 1038 1345 1079 εἴ).
1367 1052 1471 1092 pug-

149 1101 287 1147 nabat.
350 1101 479 1159 Qod
499 1102 569 1142 ubi
591 1101 916 1142 animadversum
934 1100 1009 1151 est,
1043 1103 1084 1141 &
1108 1098 1310 1140 Romanis
1333 1096 1473 1136 multi-

150 1160 252 1201 tudo
274 1159 344 1199 sua
365 1161 479 1204 auxit
498 1161 702 1211 animum,
720 1162 760 1200 &
783 1160 964 1213 paucitas
982 1158 1060 1198 illis
1080 1158 1244 1198 minuit.
1306 1156 1474 1196 Extem-

152 1219 222 1275 plo
254 1218 407 1272 septem
441 1233 564 1261 naves
604 1219 772 1260 Punicae
806 1219 1121 1266 circumventam
1154 1217 1297 1271 fugam
1327 1224 1474 1254 ceterae

151 1287 353 1331 ceperum
375 1280 452 1332 (3).
475 1277 585 1317 mille
607 1286 647 1316 et
669 1276 914 1330 septingenti
936 1275 1050 1316 fuere
1082 1276 1124 1315 in
1156 1274 1327 1314 navibus
1347 1271 1474 1326 capti,

153 1335 304 1378 milites
326 1346 542 1390 nautaeque
565 1352 578 1384 ς
610 1335 651 1374 in
672 1334 735 1375 his
769 1344 849 1375 tres
879 1334 1035 1374 nobiles
1057 1331 1475 1387 Karthaginiensium.

154 1393 295 1436 Claffis
315 1394 506 1434 Romana
523 1393 756 1442 incolumis,
769 1393 849 1432 unzi
866 1391 1028 1432 tantum
1046 1391 1252 1446 perforata
1269 1389 1378 1440 navi,
1407 1389 1476 1429 sed

153 1452 201 1494 e&
235 1466 399 1506 quoque
423 1452 506 1506 ipsa
538 1453 704 1500 reduce,
756 1451 798 1490 in
827 1461 993 1505 portum
1025 1451 1157 1490 rediit.
1233 1445 1474 1490 Secundum

153 1511 261 1560 hanc
279 1516 475 1566 pugnam,
493 1512 554 1566 (4)
571 1511 758 1550 nondum
773 1510 908 1564 gnaris
923 1511 1028 1565 ejus,
1047 1510 1117 1562 qui
1134 1508 1327 1549 Meffanae
1344 1518 1477 1556 erant,

154 1570 224 1611 Ti.
262 1569 531 1624 Sempronius
573 1568 715 1609 consul
757 1568 982 1613 Messanam
1023 1568 1148 1608 venit.
1233 1567 1283 1608 Ei
1323 1565 1477 1606 fretum

156 1628 327 1676 intranti
347 1642 418 1674 rex
436 1628 568 1669 Hiero
591 1628 750 1668 classem
773 1637 959 1667 ornatam
988 1626 1152 1667 obviarn
1176 1626 1321 1666 duxit:
1350 1623 1480 1664 trans-

156 1686 389 1742 gressusque
411 1701 460 1727 ex
481 1686 591 1741 regia
615 1686 656 1726 in
690 1686 923 1741 praetoriam
955 1688 1018 1740 (5)
1049 1699 1213 1736 navem,
1253 1684 1481 1740 gratulatus

156 1745 346 1800 sospitem
368 1760 463 1786 cum
486 1745 668 1785 exercitu
698 1748 739 1786 &
767 1744 938 1785 navibus
968 1744 1182 1794 advenisse,
1213 1742 1480 1798 precatusque

158 1804 399 1860 prosperum
414 1818 459 1844 ac
478 1803 640 1844 felicem
655 1803 697 1843 in
713 1802 896 1847 Siciliam
912 1803 1123 1843 transitum
1140 1820 1152 1851 ς
1168 1803 1320 1844 statum
1334 1801 1482 1841 deinde

157 1862 304 1911 insulae
327 1865 366 1907 &
385 1861 788 1917 Karthaginiensium
806 1871 952 1902 conata
967 1862 1153 1916 exposuit
1169 1877 1178 1902 ε
1196 1859 1483 1916 pollicitusque

159 1921 238 1972 est,
269 1935 352 1975 quo
375 1921 512 1969 animo
535 1921 668 1974 priore
690 1920 798 1960 bello
830 1922 1029 1975 populum
1052 1921 1293 1960 Romanum
1321 1917 1484 1975 juvenis

160 1980 392 2038 adjuvisset,
425 1993 474 2020 eo
503 1979 640 2020 senem
663 1980 914 2036 adjuturum.
976 1980 1249 2020 Frumentum
1270 1977 1486 2020 vestimen-

1360 2044 1484 2090 taque

163 2186 256 2215 voees,
277 2177 332 2208 Ad
350 2187 451 2214 arma,
473 2183 500 2208 et
515 2176 632 2208 Hostes
648 2175 683 2208 in
697 2176 779 2210 urbe
810 2176 898 2215 sunt,
920 2177 1122 2208 audiebantur.
1169 2174 1250 2218 (11)
1279 2172 1368 2205 Infra
1392 2172 1417 2204 l.
1437 2171 1488 2212 36,

165 2234 194 2254 c.
207 2233 260 2261 44.
279 2230 310 2253 ut
324 2225 458 2254 demendis
472 2226 658 2256 armamentis
671 2224 978 2265 tumultuariprimzim
991 2231 1104 2264 caeplum
1115 2222 1157 2264 qst.
1196 2222 1364 2251 Dicuntur
1379 2227 1490 2250 autem

165 2270 235 2299 demi
260 2275 453 2305 armamenta,
474 2279 550 2299 cvm
573 2268 645 2299 vela
676 2270 932 2306 contrahuntur,
954 2268 1032 2299 mali
1055 2266 1269 2303 inclinantur,
1290 2272 1437 2296 antenna:
1457 2266 1489 2296 δε

166 2312 297 2354 reliqua
313 2320 514 2345 armamenta
527 2322 796 2354 componuntur;
820 2316 909 2356 quod
920 2314 955 2345 in
973 2313 1083 2356 pugna
1106 2311 1218 2343 navali
1245 2311 1390 2343 sollenne
1412 2317 1490 2342 erat.

167 2358 248 2402 (12)
271 2358 419 2401 Intellige
435 2357 708 2402 AEgates'insulas.

214 2450 252 2481 C.
268 2458 325 2488 50.
372 2449 430 2490 (Ι)
455 2450 592 2492 Οοψννε
617 2451 706 2486 vires,
733 2456 770 2482 ut
793 2451 923 2491 conferre
948 2463 1046 2481 manus
1069 2447 1191 2491 passim.
1247 2447 1326 2480 Vid.
1343 2449 1493 2490 sscctgferre

170 2498 308 2538 gradum.
354 2495 410 2536 (2)
447 2494 498 2528 Sic
527 2495 664 2528 Curtius
691 2496 714 2526 l.
745 2506 778 2531 4.
818 2505 844 2526 c.
865 2505 896 2534 3.
918 2506 1009 2536 neque
1027 2499 1098 2535 ‘enim
1122 2495 1250 2537 confi’rta
1277 2497 1400 2536 navigia
1433 2494 1494 2525 ulli

171 2548 222 2584 ope
251 2543 280 2570 in
297 2542 406 2571 turbr'do
417 2544 634 2584 regipoterant.
681 2541 739 2583 (3)
756 2539 806 2571 Sic
824 2541 902 2572 Caest
918 2541 939 2571 l.
961 2550 991 2580 7.
1008 2541 1087 2573 Bell.
1104 2540 1189 2572 Gall.
1207 2551 1237 2571 c.
1255 2538 1306 2572 26.
1321 2542 1494 2581 quosadca—

174 2588 308 2629 piendam
323 2588 432 2628 sugam
461 2596 569 2617 natura
601 2587 752 2619 &virium
781 2589 812 2617 ,ἐπ
830 2587 938 2617 'witus
959 2590 1136 2629 impedtrent.
1185 2585 1236 2617 Sic
1250 2586 1495 2628 captffi’reficgam

173 2630 274 2672 supra
293 2631 312 2661 l.
333 2643 359 2663 1.
382 2641 410 2662 c.
442 2641 497 2672 25.
521 2633 559 2663 E.
605 2632 662 2673 (4)
686 2631 738 2670 Iis,
763 2631 818 2672 qu‘
850 2631 1006 2665 Meffanae
1029 2641 1136 2670 erant,
1156 2632 1263 2663 adhuc
1277 2625 1494 2662 nescientibus

181 2683 340 2723 eventum
366 2676 464 2720 hujus
499 2688 618 2721 pugnat
649 2678 691 2709 ad
719 2676 917 2721 Lilybaeum.
963 2670 1021 2722 (5)
1060 2679 1098 2712 h.
1119 2689 1147 2712 e.
1169 2677 1204 2711 in
1226 2677 1340 2721 consulis
1362 2686 1489 2708 navem.

1417 2720 1495 2752 Vid·
