1860 3099
133 224 212 265 182

145 2136 242 2167 Acer?
253 2150 273 2166 tr
302 2150 348 2167 ca-

139 2186 187 2222 pu
207 2183 273 2213 Pan

279 2197 320 2213 us.

848 228 904 269 T.
966 225 1180 267 LIVII

334 342 459 399 ⁵citus
483 341 698 383 Romanus
719 343 835 397 porta
855 344 1132 399 egrederetur,
1164 356 1238 383 nec
1260 351 1438 383 armatus
1459 342 1672 398 quisquam

356 402 397 440 in
420 400 545 439 muris
566 401 672 441 esset.
697 411 808 442 ratus
831 403 977 442 deinde
1011 403 1170 457 prodita
1187 401 1391 455 colloquia
1413 402 1505 452 effe,
1537 411 1673 442 metu-

355 473 435 508 quc
458 459 642 510 †resides
669 459 820 511 factos,
848 471 1003 514 partem
1036 461 1214 500 rnilitum
1247 460 1287 499 ἰιι
1325 460 1452 500 ςαίιτιι
1482 459 1671 508 remittit,

352 517 476 582 jurios
498 531 667 572 propere
689 531 926 572 apparatum
949 533 1115 559 omnem
1156 519 1442 573 oppugnanda:
1484 518 1594 559 urbis
1630 517 1673 557 in

357 577 531 630 primam
547 577 676 616 aciem
699 577 874 616 afferre·
865 594 877 626 3
912 577 1004 618 satis
1023 577 1169 627 fidens,
1198 578 1221 616 si
1241 576 1533 618 cuntstantibus
1551 575 1675 616 insta-

357 645 436 684 ret,
459 637 683 674 tumultum
707 636 915 689 aliquem
906 650 947 674 m
971 635 1070 676 urbe
1092 610 1252 689 plebem
1276 645 1494 676 moturam.
1552 635 1670 675 Dum

359 693 401 731 in
425 692 491 732 sua
515 693 684 747 quisque
699 693 920 734 ministeria
939 693 1118 734 discursu
1142 704 1163 743 †
1187 693 1361 747 trepidat
1378 696 1439 748 (6)
1456 694 1505 734 ad
1538 693 1670 748 prima

362 751 487 805 tigna,
516 751 774 806 succeditque
809 753 858 792 ad
892 766 1031 793 muros
1086 752 1207 801 acics,
1244 752 1449 806 pates-aista
1504 749 1673 806 repente

362 810 491 863 porta,
515 810 737 851 Marcellus
759 811 867 866 signa
889 824 1048 860 canere,
1071 813 1376 863 clamoremque
1400 810 1501 859 tolli,
1524 824 1570 850 ac
1602 822 1674 864 pe-

360 868 465 909 ‹litcs
497 868 694 922 primum,
731 869 878 910 'deiude
918 869 1092 923 equites,
1121 879 1275 922 quanto
1316 869 1496 909 maximo
1519 868 1675 923 possent

362 927 533 981 impetu,
567 927 606 966 in
637 926 795 967 hostem
830 941 1043 980 erumpere
1086 927 1215 982 jubet.
1277 926 1384 968 Satis
1413 927 1578 968 terroris
1608 935 1676 966 tu-

363 983 595 1038 multusque
617 985 658 1024 in
694 986 822 1026 aciem
864 986 1040 1025 mediam
1072 986 1308 1034 intulerant,
1350 999 1479 1039 quum
1517 983 1675 1026 duabus

365 1043 474 1083 circa
496 1042 622 1096 portis
638 1043 684 1082 P.
710 1043 900 1084 Valerius
915 1044 1086 1084 Flaccus
1122 1046 1158 1084 &
1184 1044 1231 1084 C.
1253 1044 1448 1085 Aurelius
1478 1043 1600 1099 legati
1632 1043 1675 1082 in

365 1115 518 1141 cornua
540 1099 717 1140 hostium
732 1115 914 1155 erupere.
983 1102 1191 1142 Addidere
1234 1103 1457 1142 clamorem
1485 1103 1578 1142 lixae
1608 1115 1678 1142 ca-

365 1159 572 1212 lonesque,
590 1161 628 1199 δε
645 1160 722 1198 alia
736 1160 853 1199 turba
869 1159 1062 1200 custodire
1077 1160 1466 1213 impedimentorum
1480 1159 1676 1214 apposita,

365 1228 410 1256 ut
424 1217 670 1271 paucitatem
692 1216 867 1258 maxime
889 1217 1170 1272 spernentibus
1210 1217 1352 1258 Poenis
1403 1218 1579 1273 ingentis
1613 1230 1678 1257 re-

363 1278 487 1329 pente
519 1274 722 1317 exercitus
753 1276 928 1330 speeiem
967 1275 1152 1316 fecerint.
1213 1276 1297 1315 Vix
1331 1276 1522 1330 equidem
1551 1277 1678 1316 ausim

366 1333 584 1384 affirmare,
606 1335 716 1387 quod
734 1336 899 1388 quidam
916 1334 1104 1375 au6lores
1127 1334 1232 1383 sunt,
1255 1335 1338 1374 duo
1369 1334 1494 1375 millia
1531 1338 1569 1376 &
1607 1348 1680 1375 oc-

366 1392 766 1447 tingentosliostium
801 1392 959 1442 caesos;
1006 1407 1089 1433 non
1110 1394 1202 1446 plus
1237 1392 1484 1448 quingentos
1520 1393 1678 1434 Roma-

364 1464 466 1489 num
484 1450 662 1490 amisisse.
723 1451 816 1491 Sive
839 1461 969 1501 tanta,
985 1451 1060 1491 five
1083 1451 1218 1491 minor
1234 1451 1406 1493 viffioria
1419 1450 1517 1502 fuit,
1532 1451 1677 1507 ingens

364 1522 414 1546 co
427 1508 490 1547 die
506 1522 582 1558 res,
617 1523 662 1549 ac
699 1509 848 1557 nescio,
871 1523 921 1548 an
945 1509 1122 1548 maxima
1150 1509 1220 1548 illo
1239 1509 1346 1549 bello
1367 1509 1476 1564 gesta
1499 1510 1554 1550 fit.
1591 1523 1677 1550 non

363 1566 471 1606 vinci
488 1567 597 1606 enim
621 1566 670 1608 ab
700 1567 933 1607 Hannibale
972 1566 1228 1607 vincentibus
1251 1569 1314 1622 (7)
1341 1567 1546 1609 difficilius
1579 1567 1677 1621 fuit,

364 1625 488 1678 quam
510 1624 647 1678 postea
673 1625 849 1665 vincere.
1584 1658 1585 1661 ι

425 1684 566 1723 XVII.
618 1683 845 1732 Hannibal,
905 1683 971 1737 spe
1024 1683 1233 1740 potiundae
1284 1683 1405 1725 Nolae
1470 1685 1677 1739 adempta,

365 1755 493 1796 quum
531 1742 705 1782 Acerras
746 1741 969 1790 recessisset,
1005 1742 1228 1782 Marcellus
1264 1743 1486 1797 extemplo,
1533 1744 1676 1785 clausis

365 1800 493 1855 portis
539 1799 852 1854 custodibusque
896 1800 1110 1854 dispositis,
1157 1814 1208 1840 ne
1255 1801 1347 1854 quis
1400 1802 1678 1856 egrederetur,

366 1857 631 1910 quaestionem
651 1859 691 1898 in
709 1858 800 1899 foro
823 1859 872 1898 de
896 1859 958 1906 iis,
981 1858 1050 1912 qui
1072 1859 1176 1898 clam
1195 1859 1236 1897 in
1251 1860 1465 1912 colloquiis
1496 1858 1676 1900 hostium

366 1916 543 1965 fucrant,
558 1916 729 1958 habuit:
760 1917 875 1972 supra
910 1917 1163 1972 septuaginta
1193 1918 1406 1957 damnatos
1435 1918 1678 1971 proditionis

368 1974 496 2015 securi
513 1975 716 2029 perculsit,
744 1974 933 2029 bonaque
953 1988 1098 2015 eorum
1134 1975 1243 2030 jussit
1262 1977 1327 2028 (1)
1347 1975 1511 2030 publica
1534 1976 1678 2031 populi

369 2033 639 2073 Romaniess'e
659 2049 667 2073 :
701 2036 760 2084 &,
783 2033 940 2073 summa
961 2047 1097 2073 rerum
1116 2033 1269 2072 senatui
1287 2034 1450 2083 tradita,
1481 2049 1577 2075 cum
1608 2048 1679 2075 ex·-

368 2091 497 2132 ercitu
514 2091 626 2136 omui
647 2091 874 2146 profestus,
897 2091 1012 2146 supra
1029 2091 1252 2132 Suess'ulam
1272 2091 1409 2133 castris
1425 2093 1563 2147 positis
1579 2107 1677 2134 con-

372 2150 484 2190 sedit.
546 2150 716 2199 Poenus‚
745 2152 920 2190 Acerras
954 2150 1133 2204 primum
1150 2151 1199 2190 ad
1217 2151 1489 2191 voluntariam
1531 2151 1680 2192 dediti-

372 2223 492 2248 onem
516 2217 685 2248 conatus
701 2209 906 2263 pellicere,
927 2207 1141 2262 postquam
1173 2208 1395 2250 obstinatos
1427 2209 1542 2259 vidit,
1573 2209 1679 2250 obsi-

372 2268 465 2307 dere
488 2267 580 2306 inde
589 2277 715 2335 atque
733 2280 968 2322 oppugnare
991 2277 1117 2332 parat.
1135 2269 1320 2307 ceterum
1344 2268 1564 2308 Acerranis
1585 2269 1678 2322 plus

373 2326 511 2374 animi,
529 2340 597 2380 qu
589 2324 654 2365 ἶιιιι
675 2325 840 2377 virium,
862 2335 961 2366 er.at
994 2325 1148 2379 itaque,
1173 2325 1380 2380 desperata
1410 2327 1536 2368 tutela
1553 2326 1679 2377 urbis,

1629 2395 1675 2426 ut

373 2529 481 2551 autem
498 2520 605 2551 lucum
623 2519 716 2551 aliter
731 2520 1004 2563 interpretantur.
1048 2520 1105 2562 ((ι)
1119 2521 1256 2552 Niallem
1272 2524 1425 2563 trepidant.
1449 2523 1483 2553 E.
1508 2521 1565 2564 (7)
1577 2522 1679 2554 Rom-

373 2576 452 2601 anis,
469 2566 548 2595 dum
563 2566 737 2597 victoriam
762 2566 851 2598 illam
866 2567 1095 2609 reportabant,
1110 2566 1274 2598 difficilius
1298 2566 1361 2598 suit
1387 2568 1449 2598 ὅτε.

419 2659 458 2686 C.
483 2665 495 2687 ι
506 2664 531 2694 7.
554 2654 610 2696 (1)
626 2655 675 2687 Sic
691 2669 757 2699 ager
766 2658 894 2700 publicus
906 2659 1007 2699 populi
1023 2658 1146 2689 Romani
1158 2656 1280 2690 dicitur
1293 2657 1391 2701 supra
1406 2657 1429 2689 l.
1455 2666 1484 2698 3.
1507 2668 1535 2689 c.
1555 2665 1605 2698 71.
1623 2656 1678 2735 ‘ina-

1612 2716 1615 2719 “
1637 2713 1653 2735 Γ
