<?xml version="1.0" encoding="UTF-8"?>
<!DOCTYPE html PUBLIC "-//W3C//DTD XHTML 1.0 Transitional//EN"
    "http://www.w3.org/TR/xhtml1/DTD/xhtml1-transitional.dtd">
<html xmlns="http://www.w3.org/1999/xhtml" xml:lang="en" lang="en">
 <head>
  <title>
</title>
<meta http-equiv="Content-Type" content="text/html;charset=utf-8" />
  <meta name='ocr-system' content='tesseract 3.04.00' />
  <meta name='ocr-capabilities' content='ocr_page ocr_carea ocr_par ocr_line ocrx_word'/>
</head>
<body>
  <div class='ocr_page' id='page_1' title='image "./historiaeromanae02livyuoft_0540.png"; bbox 0 0 1834 3099; ppageno 0'>
   <div class='ocr_carea' id='block_1_1' title="bbox 136 187 218 225">
    <p class='ocr_par' dir='ltr' id='par_1_1' title="bbox 136 187 218 225">
     <span class='ocr_line' id='line_1_1' title="bbox 136 187 218 225; baseline 0.024 -9"><span class='ocrx_word' id='word_1_1' title='bbox 136 187 218 225; x_wconf 79' lang='lat'>142</span> 
     </span>
    </p>
   </div>
   <div class='ocr_carea' id='block_1_2' title="bbox 123 329 321 417">
    <p class='ocr_par' dir='ltr' id='par_1_2' title="bbox 123 329 321 417">
     <span class='ocr_line' id='line_1_2' title="bbox 131 329 321 372; baseline 0.011 -11"><span class='ocrx_word' id='word_1_2' title='bbox 131 329 321 372; x_wconf 71' lang='lat' dir='ltr'>Haflruballs</span> 
     </span>
     <span class='ocr_line' id='line_1_3' title="bbox 123 380 288 417; baseline 0.006 -11"><span class='ocrx_word' id='word_1_3' title='bbox 123 380 274 417; x_wconf 62' lang='lat' dir='ltr'>prudentia</span> <span class='ocrx_word' id='word_1_4' title='bbox 280 399 288 407; x_wconf 93' lang='lat'><strong>.</strong></span> 
     </span>
    </p>
   </div>
   <div class='ocr_carea' id='block_1_3' title="bbox 847 177 1176 220">
    <p class='ocr_par' dir='ltr' id='par_1_3' title="bbox 847 177 1176 220">
     <span class='ocr_line' id='line_1_4' title="bbox 847 177 1176 220; baseline 0 -1"><span class='ocrx_word' id='word_1_5' title='bbox 847 177 885 219; x_wconf 83' lang='lat' dir='ltr'>T</span> <span class='ocrx_word' id='word_1_6' title='bbox 957 177 1176 220; x_wconf 88' lang='lat' dir='ltr'>LIVII</span> 
     </span>
    </p>
   </div>
   <div class='ocr_carea' id='block_1_4' title="bbox 341 293 1670 1579">
    <p class='ocr_par' dir='ltr' id='par_1_4' title="bbox 341 293 1670 1579">
     <span class='ocr_line' id='line_1_5' title="bbox 355 293 1670 361; baseline 0.003 -27"><span class='ocrx_word' id='word_1_7' title='bbox 355 309 502 361; x_wconf 73' lang='lat' dir='ltr'>pugna:</span> <span class='ocrx_word' id='word_1_8' title='bbox 520 296 670 343; x_wconf 79' lang='lat' dir='ltr'>attulit,</span> <span class='ocrx_word' id='word_1_9' title='bbox 702 293 813 349; x_wconf 72' lang='lat' dir='ltr'>quod</span> <span class='ocrx_word' id='word_1_10' title='bbox 828 295 1072 345; x_wconf 84' lang='lat' dir='ltr'>Hasdrubal,</span> <span class='ocrx_word' id='word_1_11' title='bbox 1105 295 1324 350; x_wconf 59' lang='lat' dir='ltr'>provectus</span> <span class='ocrx_word' id='word_1_12' title='bbox 1342 304 1434 336; x_wconf 84' lang='lat' dir='ltr'>ante</span> <span class='ocrx_word' id='word_1_13' title='bbox 1449 295 1556 351; x_wconf 76' lang='lat' dir='ltr'>signa</span> <span class='ocrx_word' id='word_1_14' title='bbox 1572 311 1670 340; x_wconf 82' lang='lat' dir='ltr'>cum</span> 
     </span>
     <span class='ocr_line' id='line_1_6' title="bbox 354 354 1668 411; baseline 0.002 -18"><span class='ocrx_word' id='word_1_15' title='bbox 354 354 494 408; x_wconf 78' lang='lat' dir='ltr'>paucis</span> <span class='ocrx_word' id='word_1_16' title='bbox 529 354 749 409; x_wconf 81' lang='lat' dir='ltr'>equitibus,</span> <span class='ocrx_word' id='word_1_17' title='bbox 782 354 891 395; x_wconf 89' lang='lat' dir='ltr'>scuta</span> <span class='ocrx_word' id='word_1_18' title='bbox 912 367 1046 395; x_wconf 84' lang='lat' dir='ltr'>vetera</span> <span class='ocrx_word' id='word_1_19' title='bbox 1079 356 1115 407; x_wconf 83' lang='grc' dir='ltr'>(ι</span> <span class='ocrx_word' id='word_1_20' title='bbox 1129 354 1339 408; x_wconf 89' lang='lat' dir='ltr'>)hostium</span> <span class='ocrx_word' id='word_1_21' title='bbox 1370 355 1542 408; x_wconf 84' lang='lat' dir='ltr'>notavit,</span> <span class='ocrx_word' id='word_1_22' title='bbox 1575 371 1668 411; x_wconf 84' lang='lat' dir='ltr'>quae</span> 
     </span>
     <span class='ocr_line' id='line_1_7' title="bbox 353 411 1667 469; baseline 0.003 -18"><span class='ocrx_word' id='word_1_23' title='bbox 353 411 447 453; x_wconf 72' lang='lat' dir='ltr'>ante</span> <span class='ocrx_word' id='word_1_24' title='bbox 470 427 551 454; x_wconf 90' lang='lat' dir='ltr'>non</span> <span class='ocrx_word' id='word_1_25' title='bbox 573 413 742 461; x_wconf 83' lang='lat' dir='ltr'>viderat,</span> <span class='ocrx_word' id='word_1_26' title='bbox 774 416 812 454; x_wconf 83' lang='lat'>&amp;</span> <span class='ocrx_word' id='word_1_27' title='bbox 838 413 1081 468; x_wconf 67' lang='lat' dir='ltr'>strigosiores</span> <span class='ocrx_word' id='word_1_28' title='bbox 1102 427 1240 466; x_wconf 85' lang='lat' dir='ltr'>equos.</span> <span class='ocrx_word' id='word_1_29' title='bbox 1263 413 1483 454; x_wconf 88' lang='lat' dir='ltr'>multitudo</span> <span class='ocrx_word' id='word_1_30' title='bbox 1501 429 1667 469; x_wconf 85' lang='lat' dir='ltr'>quoque</span> 
     </span>
     <span class='ocr_line' id='line_1_8' title="bbox 352 470 1666 527; baseline 0.003 -18"><span class='ocrx_word' id='word_1_31' title='bbox 352 472 484 527; x_wconf 82' lang='lat' dir='ltr'>major</span> <span class='ocrx_word' id='word_1_32' title='bbox 524 470 636 512; x_wconf 83' lang='lat' dir='ltr'>solita</span> <span class='ocrx_word' id='word_1_33' title='bbox 675 471 753 511; x_wconf 84' lang='lat' dir='ltr'>visa</span> <span class='ocrx_word' id='word_1_34' title='bbox 788 471 858 512; x_wconf 91' lang='lat' dir='ltr'>est.</span> <span class='ocrx_word' id='word_1_35' title='bbox 920 472 1156 526; x_wconf 79' lang='lat' dir='ltr'>Suspicatus</span> <span class='ocrx_word' id='word_1_36' title='bbox 1193 472 1302 511; x_wconf 86' lang='lat' dir='ltr'>enim</span> <span class='ocrx_word' id='word_1_37' title='bbox 1340 472 1398 522; x_wconf 83' lang='lat' dir='ltr'>id,</span> <span class='ocrx_word' id='word_1_38' title='bbox 1430 474 1538 526; x_wconf 87' lang='lat' dir='ltr'>quod</span> <span class='ocrx_word' id='word_1_39' title='bbox 1561 484 1666 526; x_wconf 86' lang='lat' dir='ltr'>erat,</span> 
     </span>
     <span class='ocr_line' id='line_1_9' title="bbox 351 530 1665 585; baseline 0.001 -14"><span class='ocrx_word' id='word_1_40' title='bbox 351 532 412 584; x_wconf 86' lang='lat'>(2)</span> <span class='ocrx_word' id='word_1_41' title='bbox 445 530 626 584; x_wconf 88' lang='lat' dir='ltr'>receptui</span> <span class='ocrx_word' id='word_1_42' title='bbox 659 544 829 585; x_wconf 81' lang='lat' dir='ltr'>propere</span> <span class='ocrx_word' id='word_1_43' title='bbox 871 530 1034 581; x_wconf 86' lang='lat' dir='ltr'><strong>cecinit,</strong></span> <span class='ocrx_word' id='word_1_44' title='bbox 1067 544 1112 570; x_wconf 84' lang='lat' dir='ltr'>ac</span> <span class='ocrx_word' id='word_1_45' title='bbox 1141 530 1244 570; x_wconf 84' lang='lat' dir='ltr'>mifit</span> <span class='ocrx_word' id='word_1_46' title='bbox 1280 531 1329 570; x_wconf 85' lang='lat' dir='ltr'>ad</span> <span class='ocrx_word' id='word_1_47' title='bbox 1355 530 1523 580; x_wconf 85' lang='lat' dir='ltr'>flumen,</span> <span class='ocrx_word' id='word_1_48' title='bbox 1557 533 1665 572; x_wconf 86' lang='lat' dir='ltr'>unde</span> 
     </span>
     <span class='ocr_line' id='line_1_10' title="bbox 349 589 1666 643; baseline 0.003 -16"><span class='ocrx_word' id='word_1_49' title='bbox 349 589 629 642; x_wconf 78' lang='lat' dir='ltr'>aquabantur:</span> <span class='ocrx_word' id='word_1_50' title='bbox 662 589 732 629; x_wconf 51' lang='lat' dir='ltr'>ubi</span> <span class='ocrx_word' id='word_1_51' title='bbox 757 591 793 630; x_wconf 67' lang='grc' dir='ltr'>ἃ·</span> <span class='ocrx_word' id='word_1_52' title='bbox 819 589 950 643; x_wconf 85' lang='lat' dir='ltr'>excipi</span> <span class='ocrx_word' id='word_1_53' title='bbox 984 589 1108 643; x_wconf 82' lang='lat' dir='ltr'>aliqui</span> <span class='ocrx_word' id='word_1_54' title='bbox 1131 589 1300 642; x_wconf 86' lang='lat' dir='ltr'>possent,</span> <span class='ocrx_word' id='word_1_55' title='bbox 1334 591 1374 630; x_wconf 68' lang='grc' dir='ltr'>δε</span> <span class='ocrx_word' id='word_1_56' title='bbox 1412 590 1544 629; x_wconf 86' lang='lat' dir='ltr'>notari</span> <span class='ocrx_word' id='word_1_57' title='bbox 1565 604 1666 631; x_wconf 85' lang='lat' dir='ltr'>ocu-</span> 
     </span>
     <span class='ocr_line' id='line_1_11' title="bbox 349 646 1662 701; baseline 0.002 -15"><span class='ocrx_word' id='word_1_58' title='bbox 349 647 412 694; x_wconf 77' lang='lat' dir='ltr'>lis,</span> <span class='ocrx_word' id='word_1_59' title='bbox 444 646 468 687; x_wconf 88' lang='lat' dir='ltr'>fi</span> <span class='ocrx_word' id='word_1_60' title='bbox 488 647 559 701; x_wconf 90' lang='lat' dir='ltr'>qui</span> <span class='ocrx_word' id='word_1_61' title='bbox 573 646 678 688; x_wconf 76' lang='lat' dir='ltr'>forte</span> <span class='ocrx_word' id='word_1_62' title='bbox 701 647 911 688; x_wconf 84' lang='lat' dir='ltr'>adustioris</span> <span class='ocrx_word' id='word_1_63' title='bbox 926 648 1087 696; x_wconf 86' lang='lat' dir='ltr'>coloris,</span> <span class='ocrx_word' id='word_1_64' title='bbox 1107 658 1150 687; x_wconf 80' lang='lat' dir='ltr'>ut</span> <span class='ocrx_word' id='word_1_65' title='bbox 1171 661 1220 687; x_wconf 87' lang='lat' dir='ltr'>ex</span> <span class='ocrx_word' id='word_1_66' title='bbox 1242 647 1395 688; x_wconf 83' lang='lat' dir='ltr'>recenti</span> <span class='ocrx_word' id='word_1_67' title='bbox 1417 647 1496 697; x_wconf 65' lang='lat' dir='ltr'>via,</span> <span class='ocrx_word' id='word_1_68' title='bbox 1518 649 1662 698; x_wconf 83' lang='lat' dir='ltr'>effent3</span> 
     </span>
     <span class='ocr_line' id='line_1_12' title="bbox 350 705 1661 761; baseline 0.002 -16"><span class='ocrx_word' id='word_1_69' title='bbox 350 705 465 745; x_wconf 83' lang='lat' dir='ltr'>fimul</span> <span class='ocrx_word' id='word_1_70' title='bbox 497 706 746 747; x_wconf 86' lang='lat' dir='ltr'>circumvehi</span> <span class='ocrx_word' id='word_1_71' title='bbox 768 707 910 760; x_wconf 90' lang='lat' dir='ltr'>procul</span> <span class='ocrx_word' id='word_1_72' title='bbox 939 707 1065 746; x_wconf 84' lang='lat' dir='ltr'>castra</span> <span class='ocrx_word' id='word_1_73' title='bbox 1097 705 1214 761; x_wconf 84' lang='lat' dir='ltr'>jubet</span> <span class='ocrx_word' id='word_1_74' title='bbox 1237 705 1530 760; x_wconf 83' lang='lat' dir='ltr'>specularique,</span> <span class='ocrx_word' id='word_1_75' title='bbox 1560 721 1661 747; x_wconf 90' lang='lat' dir='ltr'>num</span> 
     </span>
     <span class='ocr_line' id='line_1_13' title="bbox 349 763 1660 819; baseline 0.001 -15"><span class='ocrx_word' id='word_1_76' title='bbox 349 763 518 804; x_wconf 66' lang='lat' dir='ltr'>auctum</span> <span class='ocrx_word' id='word_1_77' title='bbox 553 765 686 819; x_wconf 67' lang='lat' dir='ltr'>aliqua</span> <span class='ocrx_word' id='word_1_78' title='bbox 708 776 820 818; x_wconf 88' lang='lat' dir='ltr'>parte</span> <span class='ocrx_word' id='word_1_79' title='bbox 858 765 901 804; x_wconf 79' lang='lat' dir='ltr'>fit</span> <span class='ocrx_word' id='word_1_80' title='bbox 924 765 1103 805; x_wconf 86' lang='lat' dir='ltr'>vallum:</span> <span class='ocrx_word' id='word_1_81' title='bbox 1137 767 1175 805; x_wconf 62' lang='grc' dir='ltr'>ἃ</span> <span class='ocrx_word' id='word_1_82' title='bbox 1203 775 1246 805; x_wconf 90' lang='lat' dir='ltr'>ut</span> <span class='ocrx_word' id='word_1_83' title='bbox 1283 765 1508 812; x_wconf 81' lang='lat' dir='ltr'>attendant,</span> <span class='ocrx_word' id='word_1_84' title='bbox 1540 765 1660 805; x_wconf 79' lang='lat' dir='ltr'>semel</span> 
     </span>
     <span class='ocr_line' id='line_1_14' title="bbox 346 821 1661 878; baseline 0.001 -15"><span class='ocrx_word' id='word_1_85' title='bbox 346 821 458 863; x_wconf 80' lang='lat' dir='ltr'>bisne</span> <span class='ocrx_word' id='word_1_86' title='bbox 481 826 544 878; x_wconf 84' lang='lat'>(3)</span> <span class='ocrx_word' id='word_1_87' title='bbox 581 824 734 878; x_wconf 77' lang='lat' dir='ltr'>signum</span> <span class='ocrx_word' id='word_1_88' title='bbox 764 834 880 864; x_wconf 88' lang='lat' dir='ltr'>canat</span> <span class='ocrx_word' id='word_1_89' title='bbox 904 823 943 862; x_wconf 90' lang='lat' dir='ltr'>in</span> <span class='ocrx_word' id='word_1_90' title='bbox 967 823 1117 863; x_wconf 67' lang='lat' dir='ltr'>castris.</span> <span class='ocrx_word' id='word_1_91' title='bbox 1182 823 1238 862; x_wconf 84' lang='lat' dir='ltr'>Ea</span> <span class='ocrx_word' id='word_1_92' title='bbox 1258 837 1385 877; x_wconf 86' lang='lat' dir='ltr'>quum</span> <span class='ocrx_word' id='word_1_93' title='bbox 1408 823 1549 863; x_wconf 87' lang='lat' dir='ltr'>ordine</span> <span class='ocrx_word' id='word_1_94' title='bbox 1572 839 1661 864; x_wconf 86' lang='lat' dir='ltr'>om-</span> 
     </span>
     <span class='ocr_line' id='line_1_15' title="bbox 347 881 1657 937; baseline 0.001 -16"><span class='ocrx_word' id='word_1_95' title='bbox 347 881 413 921; x_wconf 80' lang='lat' dir='ltr'>nia</span> <span class='ocrx_word' id='word_1_96' title='bbox 427 883 550 922; x_wconf 83' lang='lat' dir='ltr'>relata</span> <span class='ocrx_word' id='word_1_97' title='bbox 572 883 711 932; x_wconf 79' lang='lat' dir='ltr'>ess&#39;ent,</span> <span class='ocrx_word' id='word_1_98' title='bbox 746 882 871 921; x_wconf 85' lang='lat' dir='ltr'>castra</span> <span class='ocrx_word' id='word_1_99' title='bbox 894 881 992 921; x_wconf 80' lang='lat' dir='ltr'>nihil</span> <span class='ocrx_word' id='word_1_100' title='bbox 1022 881 1141 922; x_wconf 54' lang='lat' dir='ltr'>aucta</span> <span class='ocrx_word' id='word_1_101' title='bbox 1163 896 1340 921; x_wconf 66' lang='lat' dir='ltr'>cri-orem</span> <span class='ocrx_word' id='word_1_102' title='bbox 1362 881 1562 922; x_wconf 73' lang='lat' dir='ltr'>faciebant</span> <span class='ocrx_word' id='word_1_103' title='bbox 1581 885 1657 937; x_wconf 89' lang='lat'>(4).</span> 
     </span>
     <span class='ocr_line' id='line_1_16' title="bbox 346 939 1657 988; baseline 0.001 -8"><span class='ocrx_word' id='word_1_104' title='bbox 346 939 449 980; x_wconf 83' lang='lat' dir='ltr'>Bina</span> <span class='ocrx_word' id='word_1_105' title='bbox 466 952 594 988; x_wconf 88' lang='lat' dir='ltr'>erant,</span> <span class='ocrx_word' id='word_1_106' title='bbox 627 941 724 982; x_wconf 84' lang='lat' dir='ltr'>ficut</span> <span class='ocrx_word' id='word_1_107' title='bbox 741 952 833 980; x_wconf 78' lang='lat' dir='ltr'>ante</span> <span class='ocrx_word' id='word_1_108' title='bbox 856 941 1072 980; x_wconf 83' lang='lat' dir='ltr'>adventum</span> <span class='ocrx_word' id='word_1_109' title='bbox 1097 941 1270 980; x_wconf 85' lang='lat' dir='ltr'>consulis</span> <span class='ocrx_word' id='word_1_110' title='bbox 1293 940 1455 980; x_wconf 77' lang='lat' dir='ltr'>alterius</span> <span class='ocrx_word' id='word_1_111' title='bbox 1479 941 1657 981; x_wconf 82' lang='lat' dir='ltr'>fuerant:</span> 
     </span>
     <span class='ocr_line' id='line_1_17' title="bbox 347 998 1657 1053; baseline 0.003 -16"><span class='ocrx_word' id='word_1_112' title='bbox 347 1012 427 1037; x_wconf 86' lang='lat' dir='ltr'>una</span> <span class='ocrx_word' id='word_1_113' title='bbox 462 998 524 1038; x_wconf 88' lang='lat' dir='ltr'>M.</span> <span class='ocrx_word' id='word_1_114' title='bbox 547 998 668 1045; x_wconf 84' lang='lat' dir='ltr'>Livii,</span> <span class='ocrx_word' id='word_1_115' title='bbox 698 1000 822 1038; x_wconf 85' lang='lat' dir='ltr'>altera</span> <span class='ocrx_word' id='word_1_116' title='bbox 853 999 903 1038; x_wconf 89' lang='lat' dir='ltr'>L.</span> <span class='ocrx_word' id='word_1_117' title='bbox 925 998 1087 1038; x_wconf 84' lang='lat' dir='ltr'>Porcii:</span> <span class='ocrx_word' id='word_1_118' title='bbox 1120 1000 1273 1039; x_wconf 81' lang='lat' dir='ltr'>neutris</span> <span class='ocrx_word' id='word_1_119' title='bbox 1304 999 1540 1052; x_wconf 85' lang='lat' dir='ltr'>quicquam,</span> <span class='ocrx_word' id='word_1_120' title='bbox 1574 1014 1657 1053; x_wconf 89' lang='lat' dir='ltr'>quo</span> 
     </span>
     <span class='ocr_line' id='line_1_18' title="bbox 344 1053 1658 1112; baseline 0.002 -16"><span class='ocrx_word' id='word_1_121' title='bbox 344 1053 466 1096; x_wconf 73' lang='lat' dir='ltr'>latius</span> <span class='ocrx_word' id='word_1_122' title='bbox 508 1058 743 1098; x_wconf 83' lang='lat' dir='ltr'>tenderetur</span> <span class='ocrx_word' id='word_1_123' title='bbox 773 1060 851 1112; x_wconf 84' lang='lat'>(5),</span> <span class='ocrx_word' id='word_1_124' title='bbox 898 1057 946 1096; x_wconf 85' lang='lat' dir='ltr'>ad</span> <span class='ocrx_word' id='word_1_125' title='bbox 981 1057 1234 1096; x_wconf 85' lang='lat' dir='ltr'>munimenta</span> <span class='ocrx_word' id='word_1_126' title='bbox 1267 1057 1487 1112; x_wconf 59' lang='lat' dir='ltr'>adjeClum.</span> <span class='ocrx_word' id='word_1_127' title='bbox 1550 1058 1658 1099; x_wconf 89' lang='lat' dir='ltr'>Illud</span> 
     </span>
     <span class='ocr_line' id='line_1_19' title="bbox 344 1115 1657 1170; baseline 0.003 -16"><span class='ocrx_word' id='word_1_128' title='bbox 344 1125 521 1155; x_wconf 78' lang='lat' dir='ltr'>veterem</span> <span class='ocrx_word' id='word_1_129' title='bbox 552 1115 697 1156; x_wconf 90' lang='lat' dir='ltr'>ducem</span> <span class='ocrx_word' id='word_1_130' title='bbox 731 1116 1008 1168; x_wconf 82' lang='lat' dir='ltr'>assuetumque</span> <span class='ocrx_word' id='word_1_131' title='bbox 1034 1115 1223 1155; x_wconf 86' lang='lat' dir='ltr'>Romano</span> <span class='ocrx_word' id='word_1_132' title='bbox 1244 1115 1347 1155; x_wconf 86' lang='lat' dir='ltr'>hosti</span> <span class='ocrx_word' id='word_1_133' title='bbox 1369 1117 1509 1164; x_wconf 86' lang='lat' dir='ltr'>movit,</span> <span class='ocrx_word' id='word_1_134' title='bbox 1541 1118 1657 1170; x_wconf 68' lang='lat' dir='ltr'>quOd</span> 
     </span>
     <span class='ocr_line' id='line_1_20' title="bbox 344 1172 1658 1228; baseline 0.001 -15"><span class='ocrx_word' id='word_1_135' title='bbox 344 1172 465 1213; x_wconf 85' lang='lat' dir='ltr'>semel</span> <span class='ocrx_word' id='word_1_136' title='bbox 483 1173 520 1213; x_wconf 89' lang='lat' dir='ltr'>in</span> <span class='ocrx_word' id='word_1_137' title='bbox 539 1174 737 1228; x_wconf 67' lang='lat' dir='ltr'>praetoriis</span> <span class='ocrx_word' id='word_1_138' title='bbox 752 1173 888 1214; x_wconf 80' lang='lat' dir='ltr'>castris</span> <span class='ocrx_word' id='word_1_139' title='bbox 909 1174 1080 1228; x_wconf 73' lang='lat' dir='ltr'>signum,</span> <span class='ocrx_word' id='word_1_140' title='bbox 1112 1173 1172 1214; x_wconf 86' lang='lat' dir='ltr'>bis</span> <span class='ocrx_word' id='word_1_141' title='bbox 1196 1174 1235 1212; x_wconf 89' lang='lat' dir='ltr'>in</span> <span class='ocrx_word' id='word_1_142' title='bbox 1251 1173 1530 1215; x_wconf 87' lang='lat' dir='ltr'>consularibus</span> <span class='ocrx_word' id='word_1_143' title='bbox 1551 1174 1658 1215; x_wconf 90' lang='lat' dir='ltr'>refe-</span> 
     </span>
     <span class='ocr_line' id='line_1_21' title="bbox 343 1229 1656 1287; baseline 0.002 -16"><span class='ocrx_word' id='word_1_144' title='bbox 343 1231 485 1272; x_wconf 85' lang='lat' dir='ltr'>rebant</span> <span class='ocrx_word' id='word_1_145' title='bbox 507 1232 702 1273; x_wconf 85' lang='lat' dir='ltr'>ceciniffe.</span> <span class='ocrx_word' id='word_1_146' title='bbox 722 1234 824 1273; x_wconf 89' lang='lat' dir='ltr'>duos</span> <span class='ocrx_word' id='word_1_147' title='bbox 847 1229 1036 1287; x_wconf 61' lang='lat' dir='ltr'>profecto</span> <span class='ocrx_word' id='word_1_148' title='bbox 1055 1232 1238 1273; x_wconf 83' lang='lat' dir='ltr'>consules</span> <span class='ocrx_word' id='word_1_149' title='bbox 1259 1233 1348 1280; x_wconf 81' lang='lat' dir='ltr'>effe,</span> <span class='ocrx_word' id='word_1_150' title='bbox 1385 1234 1436 1273; x_wconf 69' lang='grc' dir='ltr'>ὃς.</span> <span class='ocrx_word' id='word_1_151' title='bbox 1477 1246 1656 1287; x_wconf 87' lang='lat' dir='ltr'>quonam</span> 
     </span>
     <span class='ocr_line' id='line_1_22' title="bbox 343 1289 1657 1346; baseline 0.002 -17"><span class='ocrx_word' id='word_1_152' title='bbox 343 1291 467 1330; x_wconf 89' lang='lat' dir='ltr'>modo</span> <span class='ocrx_word' id='word_1_153' title='bbox 489 1292 590 1331; x_wconf 89' lang='lat' dir='ltr'>alter</span> <span class='ocrx_word' id='word_1_154' title='bbox 610 1291 658 1332; x_wconf 84' lang='lat' dir='ltr'>ab</span> <span class='ocrx_word' id='word_1_155' title='bbox 673 1290 903 1332; x_wconf 81' lang='lat' dir='ltr'>Hannibale</span> <span class='ocrx_word' id='word_1_156' title='bbox 927 1289 1171 1340; x_wconf 72' lang='lat' dir='ltr'>abscessisset,</span> <span class='ocrx_word' id='word_1_157' title='bbox 1203 1305 1300 1331; x_wconf 85' lang='lat' dir='ltr'>cura</span> <span class='ocrx_word' id='word_1_158' title='bbox 1321 1291 1506 1346; x_wconf 85' lang='lat' dir='ltr'>angebat.</span> <span class='ocrx_word' id='word_1_159' title='bbox 1571 1291 1657 1332; x_wconf 88' lang='lat' dir='ltr'>Mi-</span> 
     </span>
     <span class='ocr_line' id='line_1_23' title="bbox 343 1348 1657 1404; baseline 0.002 -16"><span class='ocrx_word' id='word_1_160' title='bbox 343 1348 453 1389; x_wconf 77' lang='lat' dir='ltr'>nime</span> <span class='ocrx_word' id='word_1_161' title='bbox 476 1349 532 1398; x_wconf 86' lang='lat' dir='ltr'>id,</span> <span class='ocrx_word' id='word_1_162' title='bbox 564 1351 672 1403; x_wconf 89' lang='lat' dir='ltr'>quod</span> <span class='ocrx_word' id='word_1_163' title='bbox 703 1360 803 1398; x_wconf 84' lang='lat' dir='ltr'>erat,</span> <span class='ocrx_word' id='word_1_164' title='bbox 835 1349 1024 1404; x_wconf 87' lang='lat' dir='ltr'>suspicari</span> <span class='ocrx_word' id='word_1_165' title='bbox 1058 1360 1229 1403; x_wconf 74' lang='lat' dir='ltr'>poterat,</span> <span class='ocrx_word' id='word_1_166' title='bbox 1263 1360 1383 1390; x_wconf 85' lang='lat' dir='ltr'>tantae</span> <span class='ocrx_word' id='word_1_167' title='bbox 1410 1351 1467 1391; x_wconf 91' lang='lat' dir='ltr'>rei</span> <span class='ocrx_word' id='word_1_168' title='bbox 1489 1349 1657 1392; x_wconf 82' lang='lat' dir='ltr'>frustra-</span> 
     </span>
     <span class='ocr_line' id='line_1_24' title="bbox 343 1406 1655 1458; baseline 0.002 -11"><span class='ocrx_word' id='word_1_169' title='bbox 343 1406 453 1448; x_wconf 84' lang='lat' dir='ltr'>tione</span> <span class='ocrx_word' id='word_1_170' title='bbox 484 1408 759 1448; x_wconf 80' lang='lat' dir='ltr'>Hannibalem</span> <span class='ocrx_word' id='word_1_171' title='bbox 794 1408 965 1455; x_wconf 83' lang='lat' dir='ltr'>elusum,</span> <span class='ocrx_word' id='word_1_172' title='bbox 999 1421 1058 1456; x_wconf 87' lang='lat' dir='ltr'>ut,</span> <span class='ocrx_word' id='word_1_173' title='bbox 1092 1407 1160 1447; x_wconf 90' lang='lat' dir='ltr'>ubi</span> <span class='ocrx_word' id='word_1_174' title='bbox 1195 1409 1296 1458; x_wconf 81' lang='lat' dir='ltr'>dux,</span> <span class='ocrx_word' id='word_1_175' title='bbox 1339 1408 1410 1449; x_wconf 88' lang='lat' dir='ltr'>ubi</span> <span class='ocrx_word' id='word_1_176' title='bbox 1452 1409 1655 1451; x_wconf 82' lang='lat' dir='ltr'>exercitus</span> 
     </span>
     <span class='ocr_line' id='line_1_25' title="bbox 341 1465 1656 1521; baseline 0.002 -16"><span class='ocrx_word' id='word_1_177' title='bbox 341 1465 451 1515; x_wconf 83' lang='lat' dir='ltr'>effet,</span> <span class='ocrx_word' id='word_1_178' title='bbox 483 1481 576 1507; x_wconf 91' lang='lat' dir='ltr'>cum</span> <span class='ocrx_word' id='word_1_179' title='bbox 615 1482 697 1521; x_wconf 92' lang='lat' dir='ltr'>quo</span> <span class='ocrx_word' id='word_1_180' title='bbox 730 1467 856 1508; x_wconf 84' lang='lat' dir='ltr'>castra</span> <span class='ocrx_word' id='word_1_181' title='bbox 887 1468 1031 1508; x_wconf 86' lang='lat' dir='ltr'>collata</span> <span class='ocrx_word' id='word_1_182' title='bbox 1064 1465 1248 1518; x_wconf 83' lang='lat' dir='ltr'>haberet,</span> <span class='ocrx_word' id='word_1_183' title='bbox 1281 1466 1497 1521; x_wconf 81' lang='lat' dir='ltr'>ignoraret.</span> <span class='ocrx_word' id='word_1_184' title='bbox 1554 1466 1656 1508; x_wconf 81' lang='lat' dir='ltr'>Pro·</span> 
     </span>
     <span class='ocr_line' id='line_1_26' title="bbox 341 1523 1652 1579; baseline 0.001 -15"><span class='ocrx_word' id='word_1_185' title='bbox 341 1523 456 1566; x_wconf 59' lang='lat' dir='ltr'>fecto</span> <span class='ocrx_word' id='word_1_186' title='bbox 471 1523 579 1566; x_wconf 87' lang='lat' dir='ltr'>haud</span> <span class='ocrx_word' id='word_1_187' title='bbox 602 1526 796 1566; x_wconf 84' lang='lat' dir='ltr'>mediocri</span> <span class='ocrx_word' id='word_1_188' title='bbox 819 1526 931 1565; x_wconf 82' lang='lat' dir='ltr'>clade</span> <span class='ocrx_word' id='word_1_189' title='bbox 954 1524 1206 1565; x_wconf 86' lang='lat' dir='ltr'>absterritum</span> <span class='ocrx_word' id='word_1_190' title='bbox 1226 1524 1379 1579; x_wconf 90' lang='lat' dir='ltr'>insequi</span> <span class='ocrx_word' id='word_1_191' title='bbox 1394 1540 1477 1566; x_wconf 89' lang='lat' dir='ltr'>non</span> <span class='ocrx_word' id='word_1_192' title='bbox 1495 1525 1652 1569; x_wconf 86' lang='lat' dir='ltr'>ausum.</span> 
     </span>
    </p>
   </div>
   <div class='ocr_carea' id='block_1_5' title="bbox 335 1583 1654 1640">
    <p class='ocr_par' dir='ltr' id='par_1_5' title="bbox 335 1583 1654 1640">
     <span class='ocr_line' id='line_1_27' title="bbox 335 1583 1654 1640; baseline 0.001 -17"><span class='ocrx_word' id='word_1_193' title='bbox 335 1596 587 1637; x_wconf 18' lang='lat' dir='ltr'>&gt;magnopere</span> <span class='ocrx_word' id='word_1_194' title='bbox 617 1585 761 1633; x_wconf 86' lang='lat' dir='ltr'>vereri,</span> <span class='ocrx_word' id='word_1_195' title='bbox 792 1598 842 1624; x_wconf 89' lang='lat' dir='ltr'>ne</span> <span class='ocrx_word' id='word_1_196' title='bbox 859 1584 1026 1640; x_wconf 84' lang='lat' dir='ltr'>perditis</span> <span class='ocrx_word' id='word_1_197' title='bbox 1048 1583 1167 1623; x_wconf 80' lang='lat' dir='ltr'>rebus</span> <span class='ocrx_word' id='word_1_198' title='bbox 1190 1583 1320 1623; x_wconf 82' lang='lat' dir='ltr'>serum</span> <span class='ocrx_word' id='word_1_199' title='bbox 1354 1583 1435 1638; x_wconf 89' lang='lat' dir='ltr'>ipse</span> <span class='ocrx_word' id='word_1_200' title='bbox 1456 1583 1654 1624; x_wconf 76' lang='lat' dir='ltr'>auxilium</span> 
     </span>
    </p>
   </div>
   <div class='ocr_carea' id='block_1_6' title="bbox 339 1641 1653 2035">
    <p class='ocr_par' dir='ltr' id='par_1_6' title="bbox 339 1641 1653 1989">
     <span class='ocr_line' id='line_1_28' title="bbox 342 1641 1653 1698; baseline 0.001 -16"><span class='ocrx_word' id='word_1_201' title='bbox 342 1642 505 1682; x_wconf 84' lang='lat' dir='ltr'>veniffet</span> <span class='ocrx_word' id='word_1_202' title='bbox 524 1658 533 1682; x_wconf 72' lang='grc' dir='ltr'><strong>ε</strong></span> <span class='ocrx_word' id='word_1_203' title='bbox 566 1641 843 1697; x_wconf 87' lang='lat' dir='ltr'>Romanisque</span> <span class='ocrx_word' id='word_1_204' title='bbox 856 1642 1006 1682; x_wconf 78' lang='lat' dir='ltr'>¹eadem</span> <span class='ocrx_word' id='word_1_205' title='bbox 1039 1643 1125 1698; x_wconf 89' lang='lat' dir='ltr'>jam</span> <span class='ocrx_word' id='word_1_206' title='bbox 1148 1642 1312 1682; x_wconf 88' lang='lat' dir='ltr'>fortuna</span> <span class='ocrx_word' id='word_1_207' title='bbox 1334 1642 1374 1681; x_wconf 91' lang='lat' dir='ltr'>in</span> <span class='ocrx_word' id='word_1_208' title='bbox 1397 1643 1534 1693; x_wconf 64' lang='lat' dir='ltr'>Italia,</span> <span class='ocrx_word' id='word_1_209' title='bbox 1561 1657 1653 1696; x_wconf 86' lang='lat' dir='ltr'>quae</span> 
     </span>
     <span class='ocr_line' id='line_1_29' title="bbox 342 1698 1652 1754; baseline 0 -13"><span class='ocrx_word' id='word_1_210' title='bbox 342 1698 384 1741; x_wconf 79' lang='lat' dir='ltr'>in</span> <span class='ocrx_word' id='word_1_211' title='bbox 420 1699 633 1754; x_wconf 67' lang='lat' dir='ltr'>Hispania,</span> <span class='ocrx_word' id='word_1_212' title='bbox 664 1701 770 1741; x_wconf 85' lang='lat' dir='ltr'>esset.</span> <span class='ocrx_word' id='word_1_213' title='bbox 809 1701 1030 1747; x_wconf 86' lang='lat' dir='ltr'>interdurn,</span> <span class='ocrx_word' id='word_1_214' title='bbox 1082 1700 1217 1741; x_wconf 85' lang='lat' dir='ltr'>literas</span> <span class='ocrx_word' id='word_1_215' title='bbox 1250 1700 1337 1741; x_wconf 85' lang='lat' dir='ltr'>suas</span> <span class='ocrx_word' id='word_1_216' title='bbox 1373 1701 1422 1740; x_wconf 86' lang='lat' dir='ltr'>ad</span> <span class='ocrx_word' id='word_1_217' title='bbox 1453 1715 1547 1741; x_wconf 91' lang='lat' dir='ltr'>eum</span> <span class='ocrx_word' id='word_1_218' title='bbox 1568 1715 1652 1742; x_wconf 86' lang='lat' dir='ltr'>non</span> 
     </span>
     <span class='ocr_line' id='line_1_30' title="bbox 340 1758 1652 1812; baseline 0.002 -15"><span class='ocrx_word' id='word_1_219' title='bbox 340 1758 577 1811; x_wconf 71' lang='lat' dir='ltr'>pervenisse,</span> <span class='ocrx_word' id='word_1_220' title='bbox 610 1759 802 1799; x_wconf 80' lang='lat' dir='ltr'>credere:</span> <span class='ocrx_word' id='word_1_221' title='bbox 837 1758 1148 1812; x_wconf 89' lang='lat' dir='ltr'>interceptisque</span> <span class='ocrx_word' id='word_1_222' title='bbox 1172 1758 1235 1807; x_wconf 87' lang='lat' dir='ltr'>iis,</span> <span class='ocrx_word' id='word_1_223' title='bbox 1268 1759 1472 1799; x_wconf 88' lang='lat' dir='ltr'>consulem</span> <span class='ocrx_word' id='word_1_224' title='bbox 1504 1760 1552 1799; x_wconf 90' lang='lat' dir='ltr'>ad</span> <span class='ocrx_word' id='word_1_225' title='bbox 1572 1759 1652 1800; x_wconf 89' lang='lat' dir='ltr'>sese</span> 
     </span>
     <span class='ocr_line' id='line_1_31' title="bbox 339 1816 1652 1870; baseline 0.002 -15"><span class='ocrx_word' id='word_1_226' title='bbox 339 1816 655 1870; x_wconf 87' lang='lat' dir='ltr'>opprimendum</span> <span class='ocrx_word' id='word_1_227' title='bbox 691 1817 935 1858; x_wconf 79' lang='lat' dir='ltr'>acceleraffe.</span> <span class='ocrx_word' id='word_1_228' title='bbox 999 1817 1077 1856; x_wconf 86' lang='lat' dir='ltr'>His</span> <span class='ocrx_word' id='word_1_229' title='bbox 1113 1817 1255 1856; x_wconf 73' lang='lat' dir='ltr'>anxius</span> <span class='ocrx_word' id='word_1_230' title='bbox 1287 1817 1410 1868; x_wconf 83' lang='lat' dir='ltr'>curis,</span> <span class='ocrx_word' id='word_1_231' title='bbox 1442 1817 1652 1859; x_wconf 61' lang='lat' dir='ltr'>exstinctis</span> 
     </span>
     <span class='ocr_line' id='line_1_32' title="bbox 340 1873 1652 1930; baseline 0 -15"><span class='ocrx_word' id='word_1_232' title='bbox 340 1873 517 1928; x_wconf 83' lang='lat' dir='ltr'>ignibus,</span> <span class='ocrx_word' id='word_1_233' title='bbox 538 1875 673 1930; x_wconf 66' lang='lat' dir='ltr'>vigilia</span> <span class='ocrx_word' id='word_1_234' title='bbox 688 1876 816 1928; x_wconf 62' lang='lat' dir='ltr'>prima</span> <span class='ocrx_word' id='word_1_235' title='bbox 833 1877 926 1915; x_wconf 79' lang='lat' dir='ltr'>dato</span> <span class='ocrx_word' id='word_1_236' title='bbox 945 1875 1067 1929; x_wconf 72' lang='lat' dir='ltr'>signo,</span> <span class='ocrx_word' id='word_1_237' title='bbox 1086 1883 1130 1914; x_wconf 87' lang='lat' dir='ltr'>ut</span> <span class='ocrx_word' id='word_1_238' title='bbox 1153 1875 1380 1925; x_wconf 69' lang='lat' dir='ltr'>tacitilivasa</span> <span class='ocrx_word' id='word_1_239' title='bbox 1396 1875 1652 1930; x_wconf 85' lang='lat' dir='ltr'>colligerent,</span> 
     </span>
     <span class='ocr_line' id='line_1_33' title="bbox 341 1932 1650 1989; baseline 0.002 -17"><span class='ocrx_word' id='word_1_240' title='bbox 341 1932 449 1988; x_wconf 76' lang='lat' dir='ltr'>signa</span> <span class='ocrx_word' id='word_1_241' title='bbox 490 1933 586 1973; x_wconf 83' lang='lat' dir='ltr'>ferri</span> <span class='ocrx_word' id='word_1_242' title='bbox 616 1933 739 1989; x_wconf 86' lang='lat' dir='ltr'>jussit.</span> <span class='ocrx_word' id='word_1_243' title='bbox 802 1933 850 1973; x_wconf 90' lang='lat' dir='ltr'>In</span> <span class='ocrx_word' id='word_1_244' title='bbox 879 1934 1145 1988; x_wconf 75' lang='lat' dir='ltr'>trepidatione</span> <span class='ocrx_word' id='word_1_245' title='bbox 1170 1936 1209 1975; x_wconf 83' lang='lat'>&amp;</span> <span class='ocrx_word' id='word_1_246' title='bbox 1234 1934 1439 1974; x_wconf 56' lang='lat' dir='ltr'>nocturno</span> <span class='ocrx_word' id='word_1_247' title='bbox 1470 1935 1650 1975; x_wconf 86' lang='lat' dir='ltr'>tumultu</span> 
     </span>
    </p>

    <p class='ocr_par' dir='ltr' id='par_1_7' title="bbox 1524 1994 1650 2035">
     <span class='ocr_line' id='line_1_34' title="bbox 1524 1994 1650 2035; baseline 0.016 -2"><span class='ocrx_word' id='word_1_248' title='bbox 1524 1994 1650 2035; x_wconf 85' lang='lat' dir='ltr'>duces</span> 
     </span>
    </p>
   </div>
   <div class='ocr_carea' id='block_1_7' title="bbox 332 2143 1650 2507">
    <p class='ocr_par' dir='ltr' id='par_1_8' title="bbox 332 2143 1650 2507">
     <span class='ocr_line' id='line_1_35' title="bbox 385 2143 1647 2188; baseline 0.002 -11"><span class='ocrx_word' id='word_1_249' title='bbox 385 2146 423 2177; x_wconf 85' lang='lat' dir='ltr'>C.</span> <span class='ocrx_word' id='word_1_250' title='bbox 439 2155 494 2184; x_wconf 66' lang='grc'>47,</span> <span class='ocrx_word' id='word_1_251' title='bbox 510 2147 566 2187; x_wconf 82' lang='lat' dir='ltr'>(r)</span> <span class='ocrx_word' id='word_1_252' title='bbox 595 2145 780 2178; x_wconf 86' lang='lat' dir='ltr'>Hasdrubal</span> <span class='ocrx_word' id='word_1_253' title='bbox 809 2143 962 2188; x_wconf 76' lang='lat' dir='ltr'>sagaciter</span> <span class='ocrx_word' id='word_1_254' title='bbox 990 2145 1134 2187; x_wconf 68' lang='lat' dir='ltr'>conjicit,</span> <span class='ocrx_word' id='word_1_255' title='bbox 1158 2156 1259 2176; x_wconf 77' lang='lat' dir='ltr'>novas</span> <span class='ocrx_word' id='word_1_256' title='bbox 1288 2145 1399 2187; x_wconf 75' lang='lat' dir='ltr'>copias</span> <span class='ocrx_word' id='word_1_257' title='bbox 1423 2145 1456 2178; x_wconf 88' lang='lat' dir='ltr'>in</span> <span class='ocrx_word' id='word_1_258' title='bbox 1476 2147 1575 2179; x_wconf 82' lang='lat' dir='ltr'>castra</span> <span class='ocrx_word' id='word_1_259' title='bbox 1595 2147 1647 2179; x_wconf 87' lang='lat' dir='ltr'>M.</span> 
     </span>
     <span class='ocr_line' id='line_1_36' title="bbox 340 2190 1649 2235; baseline 0.002 -12"><span class='ocrx_word' id='word_1_260' title='bbox 340 2191 428 2223; x_wconf 83' lang='lat' dir='ltr'>Livii</span> <span class='ocrx_word' id='word_1_261' title='bbox 456 2190 628 2229; x_wconf 79' lang='lat' dir='ltr'>advenisse,</span> <span class='ocrx_word' id='word_1_262' title='bbox 651 2191 728 2232; x_wconf 81' lang='lat' dir='ltr'>quia</span> <span class='ocrx_word' id='word_1_263' title='bbox 755 2191 886 2223; x_wconf 82' lang='lat' dir='ltr'>videbat</span> <span class='ocrx_word' id='word_1_264' title='bbox 914 2191 1002 2222; x_wconf 80' lang='lat' dir='ltr'>scuta</span> <span class='ocrx_word' id='word_1_265' title='bbox 1027 2199 1136 2227; x_wconf 62' lang='lat' dir='ltr'>vetera,</span> <span class='ocrx_word' id='word_1_266' title='bbox 1160 2191 1278 2232; x_wconf 84' lang='lat' dir='ltr'>quibus</span> <span class='ocrx_word' id='word_1_267' title='bbox 1311 2192 1429 2224; x_wconf 85' lang='lat' dir='ltr'>milites</span> <span class='ocrx_word' id='word_1_268' title='bbox 1449 2193 1574 2235; x_wconf 86' lang='lat' dir='ltr'>jamdiu</span> <span class='ocrx_word' id='word_1_269' title='bbox 1603 2192 1649 2225; x_wconf 71' lang='lat' dir='ltr'>usn</span> 
     </span>
     <span class='ocr_line' id='line_1_37' title="bbox 338 2235 1650 2278; baseline 0.002 -10"><span class='ocrx_word' id='word_1_270' title='bbox 338 2238 482 2273; x_wconf 76' lang='lat' dir='ltr'>fuerant,</span> <span class='ocrx_word' id='word_1_271' title='bbox 504 2248 574 2277; x_wconf 80' lang='lat' dir='ltr'>quae</span> <span class='ocrx_word' id='word_1_272' title='bbox 591 2244 700 2268; x_wconf 85' lang='lat' dir='ltr'>tamen</span> <span class='ocrx_word' id='word_1_273' title='bbox 717 2247 888 2278; x_wconf 81' lang='lat' dir='ltr'>nunquam</span> <span class='ocrx_word' id='word_1_274' title='bbox 917 2244 1012 2268; x_wconf 83' lang='lat' dir='ltr'>antea</span> <span class='ocrx_word' id='word_1_275' title='bbox 1041 2235 1182 2268; x_wconf 79' lang='lat' dir='ltr'>viderat.</span> <span class='ocrx_word' id='word_1_276' title='bbox 1230 2238 1259 2266; x_wconf 78' lang='lat' dir='ltr'>S!</span> <span class='ocrx_word' id='word_1_277' title='bbox 1279 2245 1387 2268; x_wconf 83' lang='lat' dir='ltr'>antem</span> <span class='ocrx_word' id='word_1_278' title='bbox 1411 2251 1487 2269; x_wconf 87' lang='lat' dir='ltr'>nova</span> <span class='ocrx_word' id='word_1_279' title='bbox 1509 2238 1650 2278; x_wconf 76' lang='lat' dir='ltr'>fuissent,</span> 
     </span>
     <span class='ocr_line' id='line_1_38' title="bbox 339 2281 1647 2325; baseline 0.002 -12"><span class='ocrx_word' id='word_1_280' title='bbox 339 2282 518 2313; x_wconf 76' lang='lat' dir='ltr'>existimare</span> <span class='ocrx_word' id='word_1_281' title='bbox 536 2281 700 2324; x_wconf 75' lang='lat' dir='ltr'>potuisset,</span> <span class='ocrx_word' id='word_1_282' title='bbox 722 2293 758 2313; x_wconf 85' lang='lat' dir='ltr'>ea</span> <span class='ocrx_word' id='word_1_283' title='bbox 777 2293 838 2324; x_wconf 83' lang='lat' dir='ltr'>pro</span> <span class='ocrx_word' id='word_1_284' title='bbox 856 2281 913 2313; x_wconf 86' lang='lat' dir='ltr'>usu</span> <span class='ocrx_word' id='word_1_285' title='bbox 931 2282 1058 2313; x_wconf 78' lang='lat' dir='ltr'>detritis</span> <span class='ocrx_word' id='word_1_286' title='bbox 1074 2283 1149 2313; x_wconf 80' lang='lat' dir='ltr'>data</span> <span class='ocrx_word' id='word_1_287' title='bbox 1163 2281 1235 2314; x_wconf 86' lang='lat' dir='ltr'>effe.</span> <span class='ocrx_word' id='word_1_288' title='bbox 1283 2283 1339 2322; x_wconf 88' lang='lat'>(2)</span> <span class='ocrx_word' id='word_1_289' title='bbox 1352 2282 1402 2314; x_wconf 87' lang='lat' dir='ltr'>Sic</span> <span class='ocrx_word' id='word_1_290' title='bbox 1418 2283 1515 2325; x_wconf 71' lang='lat' dir='ltr'>supra</span> <span class='ocrx_word' id='word_1_291' title='bbox 1529 2284 1550 2315; x_wconf 89' lang='lat' dir='ltr'>l.</span> <span class='ocrx_word' id='word_1_292' title='bbox 1570 2293 1599 2324; x_wconf 75' lang='lat'>3,</span> <span class='ocrx_word' id='word_1_293' title='bbox 1615 2294 1647 2316; x_wconf 83' lang='lat' dir='ltr'>c.</span> 
     </span>
     <span class='ocr_line' id='line_1_39' title="bbox 341 2326 1648 2371; baseline -0.002 -13"><span class='ocrx_word' id='word_1_294' title='bbox 341 2336 399 2359; x_wconf 81' lang='lat'>22.</span> <span class='ocrx_word' id='word_1_295' title='bbox 421 2329 614 2370; x_wconf 50' lang='lat' dir='ltr'>referrentque</span> <span class='ocrx_word' id='word_1_296' title='bbox 630 2329 780 2371; x_wconf 64' lang='lat' dir='ltr'>pedem‚ſs</span> <span class='ocrx_word' id='word_1_297' title='bbox 795 2330 914 2371; x_wconf 63' lang='lat' dir='ltr'>receptui</span> <span class='ocrx_word' id='word_1_298' title='bbox 940 2328 1082 2370; x_wconf 71' lang='lat' dir='ltr'>cecinfflt.</span> <span class='ocrx_word' id='word_1_299' title='bbox 1102 2328 1133 2357; x_wconf 68' lang='grc' dir='ltr'>ἃ</span> <span class='ocrx_word' id='word_1_300' title='bbox 1162 2326 1249 2358; x_wconf 74' lang='lat' dir='ltr'>alibi.</span> <span class='ocrx_word' id='word_1_301' title='bbox 1294 2329 1350 2368; x_wconf 85' lang='lat'>(3)</span> <span class='ocrx_word' id='word_1_302' title='bbox 1369 2328 1473 2371; x_wconf 59' lang='lat' dir='ltr'>Supra</span> <span class='ocrx_word' id='word_1_303' title='bbox 1489 2329 1510 2360; x_wconf 92' lang='grc' dir='ltr'>Ι.</span> <span class='ocrx_word' id='word_1_304' title='bbox 1530 2338 1559 2360; x_wconf 83' lang='lat'>1.</span> <span class='ocrx_word' id='word_1_305' title='bbox 1575 2340 1603 2360; x_wconf 91' lang='lat' dir='ltr'>c.</span> <span class='ocrx_word' id='word_1_306' title='bbox 1621 2339 1648 2361; x_wconf 87' lang='lat'>1.</span> 
     </span>
     <span class='ocr_line' id='line_1_40' title="bbox 332 2372 1647 2417; baseline 0.003 -15"><span class='ocrx_word' id='word_1_307' title='bbox 332 2374 591 2416; x_wconf 76' lang='lat' dir='ltr'>priusquamfigtm</span> <span class='ocrx_word' id='word_1_308' title='bbox 615 2381 753 2403; x_wconf 80' lang='lat' dir='ltr'>canerent.</span> <span class='ocrx_word' id='word_1_309' title='bbox 772 2373 794 2403; x_wconf 82' lang='lat' dir='ltr'>l.</span> <span class='ocrx_word' id='word_1_310' title='bbox 813 2382 867 2410; x_wconf 80' lang='lat'>24.</span> <span class='ocrx_word' id='word_1_311' title='bbox 886 2383 916 2404; x_wconf 85' lang='lat' dir='ltr'>c.</span> <span class='ocrx_word' id='word_1_312' title='bbox 935 2372 991 2410; x_wconf 87' lang='grc'>46.</span> <span class='ocrx_word' id='word_1_313' title='bbox 1017 2374 1062 2403; x_wconf 85' lang='lat' dir='ltr'>ubi</span> <span class='ocrx_word' id='word_1_314' title='bbox 1073 2380 1186 2414; x_wconf 62' lang='grc' dir='ltr'><em>φωνὴν</em></span> <span class='ocrx_word' id='word_1_315' title='bbox 1204 2374 1434 2416; x_wconf 52' lang='lat' dir='ltr'>vgilioeflgtsam</span> <span class='ocrx_word' id='word_1_316' title='bbox 1447 2375 1590 2417; x_wconf 66' lang='lat' dir='ltr'>cecingffet.</span> <span class='ocrx_word' id='word_1_317' title='bbox 1614 2374 1647 2405; x_wconf 82' lang='lat'>&amp;</span> 
     </span>
     <span class='ocr_line' id='line_1_41' title="bbox 339 2417 1646 2460; baseline 0.002 -13"><span class='ocrx_word' id='word_1_318' title='bbox 339 2417 417 2448; x_wconf 76' lang='lat' dir='ltr'>alibi</span> <span class='ocrx_word' id='word_1_319' title='bbox 444 2418 535 2460; x_wconf 59' lang='grc' dir='ltr'>[πρε.</span> <span class='ocrx_word' id='word_1_320' title='bbox 586 2420 640 2458; x_wconf 71' lang='grc'>(4)</span> <span class='ocrx_word' id='word_1_321' title='bbox 665 2419 740 2449; x_wconf 90' lang='lat' dir='ltr'>Non</span> <span class='ocrx_word' id='word_1_322' title='bbox 773 2418 905 2459; x_wconf 84' lang='lat' dir='ltr'>quidem</span> <span class='ocrx_word' id='word_1_323' title='bbox 937 2420 1107 2455; x_wconf 84' lang='lat' dir='ltr'>fecerunt3</span> <span class='ocrx_word' id='word_1_324' title='bbox 1131 2418 1184 2449; x_wconf 91' lang='lat' dir='ltr'>sed</span> <span class='ocrx_word' id='word_1_325' title='bbox 1211 2417 1364 2453; x_wconf 51' lang='lat' dir='ltr'>fecissent,</span> <span class='ocrx_word' id='word_1_326' title='bbox 1387 2420 1419 2450; x_wconf 88' lang='lat' dir='ltr'>ni</span> <span class='ocrx_word' id='word_1_327' title='bbox 1446 2418 1646 2450; x_wconf 82' lang='lat' dir='ltr'>Hasdrubali</span> 
     </span>
     <span class='ocr_line' id='line_1_42' title="bbox 340 2462 1646 2507; baseline 0.002 -14"><span class='ocrx_word' id='word_1_328' title='bbox 340 2462 519 2504; x_wconf 70' lang='lat' dir='ltr'>dempsisset</span> <span class='ocrx_word' id='word_1_329' title='bbox 549 2473 695 2495; x_wconf 84' lang='lat' dir='ltr'>errorem</span> <span class='ocrx_word' id='word_1_330' title='bbox 712 2464 914 2500; x_wconf 74' lang='lat' dir='ltr'>nunciatum,</span> <span class='ocrx_word' id='word_1_331' title='bbox 936 2463 986 2494; x_wconf 85' lang='lat' dir='ltr'>bis</span> <span class='ocrx_word' id='word_1_332' title='bbox 1003 2463 1034 2494; x_wconf 87' lang='lat' dir='ltr'>in</span> <span class='ocrx_word' id='word_1_333' title='bbox 1053 2463 1277 2495; x_wconf 82' lang='lat' dir='ltr'>consularibus</span> <span class='ocrx_word' id='word_1_334' title='bbox 1295 2463 1402 2496; x_wconf 77' lang='lat' dir='ltr'>castris</span> <span class='ocrx_word' id='word_1_335' title='bbox 1423 2464 1546 2507; x_wconf 75' lang='lat' dir='ltr'>{ignum</span> <span class='ocrx_word' id='word_1_336' title='bbox 1565 2463 1646 2496; x_wconf 87' lang='lat' dir='ltr'>ceci-</span> 
     </span>
    </p>
   </div>
   <div class='ocr_carea' id='block_1_8' title="bbox 340 2507 1644 2597">
    <p class='ocr_par' dir='ltr' id='par_1_9' title="bbox 340 2507 1644 2597">
     <span class='ocr_line' id='line_1_43' title="bbox 340 2507 1642 2586; baseline 0.002 -49"><span class='ocrx_word' id='word_1_337' title='bbox 340 2507 425 2539; x_wconf 74' lang='lat' dir='ltr'>nisse.</span> <span class='ocrx_word' id='word_1_338' title='bbox 472 2509 626 2541; x_wconf 77' lang='lat' dir='ltr'>Notanda</span> <span class='ocrx_word' id='word_1_339' title='bbox 640 2508 688 2540; x_wconf 73' lang='lat' dir='ltr'>vis</span> <span class='ocrx_word' id='word_1_340' title='bbox 705 2508 859 2552; x_wconf 70' lang='lat' dir='ltr'>temporis</span> <span class='ocrx_word' id='word_1_341' title='bbox 877 2508 1070 2550; x_wconf 53' lang='lat' dir='ltr'>imperfecti.</span> <span class='ocrx_word' id='word_1_342' title='bbox 1091 2510 1123 2540; x_wconf 71' lang='lat' dir='ltr'>E.</span> <span class='ocrx_word' id='word_1_343' title='bbox 1169 2509 1222 2550; x_wconf 81' lang='lat'>(5)</span> <span class='ocrx_word' id='word_1_344' title='bbox 1248 2507 1325 2541; x_wconf 86' lang='lat' dir='ltr'>Vid.</span> <span class='ocrx_word' id='word_1_345' title='bbox 1340 2518 1409 2542; x_wconf 79' lang='lat' dir='ltr'>not.</span> <span class='ocrx_word' id='word_1_346' title='bbox 1427 2519 1457 2553; x_wconf 85' lang='lat'>7.</span> <span class='ocrx_word' id='word_1_347' title='bbox 1471 2511 1513 2542; x_wconf 88' lang='lat' dir='ltr'>ad</span> <span class='ocrx_word' id='word_1_348' title='bbox 1537 2520 1566 2586; x_wconf 48' lang='lat' dir='ltr'>1c..</span> <span class='ocrx_word' id='word_1_349' title='bbox 1587 2518 1642 2563; x_wconf 58' lang='grc' dir='ltr'>ιζ.</span> 
     </span>
     <span class='ocr_line' id='line_1_44' title="bbox 1553 2565 1644 2597; baseline 0 -10"><span class='ocrx_word' id='word_1_350' title='bbox 1553 2565 1644 2597; x_wconf 64' lang='lat' dir='ltr'>upra·</span> 
     </span>
    </p>
   </div>
  </div>
 </body>
</html>
