1834 3099
160 178 239 216 160

149 776 290 820 Philippi

888 179 942 221 T.
996 180 1188 222 LIVII

378 305 517 335 cerant
545 296 691 337 Poeni:
723 296 815 337 inde
851 307 993 352 portus
1020 299 1284 337 Acarnanum
1320 297 1535 351 petierant,
1569 312 1699 351 quum

378 355 428 394 ab
443 354 555 395 Oreo
578 354 814 409 profectum
847 357 1035 396 Attalum
1060 356 1353 410 Romanosque
1387 357 1600 405 audissent,
1634 370 1701 395 ve-

375 412 442 451 riti
459 427 508 453 ne
525 415 573 453 ad
592 414 629 454 se
652 414 792 464 iretur,
827 418 866 457 &
888 415 991 455 intra
1012 414 1168 454 Rhium
1192 415 1350 470 (fauces
1368 430 1427 456 eae
1445 415 1536 455 sunt
1553 414 1701 456 Corin-

375 470 450 511 thii
473 471 598 528 finus)
618 478 632 523 ΙΙ
659 474 1002 528 opprimerentur.

434 530 550 571 VIII.
586 531 798 586 Philippus
822 532 1021 573 moerebat
1054 532 1218 585 quidem
1238 534 1276 572 δε
1294 531 1532 587 angebatur,
1567 546 1697 585 quum

375 588 425 628 ad
448 589 586 629 omnia
609 589 690 644 ipse
712 592 860 646 raptim
884 592 984 643 iss'et‚
1018 592 1117 630 nulli
1143 602 1280 630 tamen
1305 590 1341 630 se
1364 591 1421 631 rei
1442 591 1483 630 in
1512 602 1697 645 tempore

374 648 648 699 occurriffe,&
668 650 892 704 rapientem
915 651 1050 691 omnia
1069 664 1117 689 ex
1134 650 1263 690 oculis
1279 650 1428 690 elufiffe
1446 650 1696 690 celeritatem

374 705 486 746 suam
508 706 733 749 fortunam.
792 709 840 749 In
861 709 1036 750 concilio
1057 719 1209 758 autem,
1251 708 1501 749 ‹lillimulans
1529 709 1698 763 aegritu-

374 764 530 817 dinem,
563 768 669 806 elato
691 768 829 808 animo
853 767 1050 808 differuit:
1092 767 1258 807 testatus
1276 767 1390 808 Deos
1411 767 1695 821 hominesque,

148 826 278 853 oratio&
295 824 405 879 con-se
426 825 524 865 nullo
544 826 628 875 loco,
660 841 724 866 nec
742 836 899 881 tempore
912 827 1014 884 defui
1041 842 1058 865 e
1079 828 1157 880 (1),
1190 827 1294 880 quin,
1327 827 1388 865 ubi
1408 825 1559 883 hqstium
1582 842 1694 866 arma

149 871 212 899 cilio
225 871 287 900 Aah
293 883 332 903 e·

149 928 238 948 Orum-

232 1252 258 1301 †

372 885 665 940 concrepufflnt‚
679 883 736 936 εὖ,
757 887 902 940 quante}
920 886 1087 924 maxima?
1096 886 1203 940 pqffit
1215 885 1413 934 celeritate,
1445 885 1691 940 tenderet(2).·

361 941 435 996 fid
473 944 542 982 vix
574 944 753 982 rationem
790 945 884 983 iniri
918 944 1025 999 pff’‚
1089 943 1218 983 utrZem
1257 945 1368 997 absc
1399 943 1593 992 audzzcffics,
1642 960 1692 984 cm

359 1000 547 1057 ficgaciits
568 1002 612 1041 ab
623 1001 776 1058 hssibzts
788 1010 950 1056 geratur
969 1002 1117 1041 bellum.
1181 1003 1242 1042 Sic
1262 1003 1307 1041 ab
1332 1002 1482 1057 Opunte
1496 1003 1692 1052 Attalum,

355 1058 418 1114 fic
459 1059 662 1114 Sulpicium
684 1077 706 1100 a
730 1060 919 1111 Chalcide,
933 1059 994 1115 stc
1029 1061 1081 1101 eis
1110 1060 1192 1115 ipſs-f
1227 1061 1351 1100 (liebus
1373 1061 1655 1101 splachinadam
1676 1079 1695 1102 e

375 1119 545 1159 manibus
566 1119 654 1171 suis
685 1119 861 1174 elapsum.
924 1119 998 1159 Sed
1015 1134 1084 1158 non
1097 1119 1250 1173 semper
1255 1118 1409 1174 felicem
1440 1120 1502 1176 effi
1517 1120 1662 1176 fugam
1679 1139 1692 1159 :

373 1192 436 1217 nec
448 1188 521 1232 pro
541 1176 688 1233 dgfficili
706 1178 747 1218 id
761 1178 894 1219 bellum
911 1177 1132 1229 habendum,
1165 1179 1203 1217 in
1220 1193 1301 1232 quo,
1315 1177 1359 1232 fi
1373 1177 1474 1218 mod&
1490 1179 1693 1235 cotlgreffls

371 1251 454 1277 cum
484 1236 639 1294 hostibus
657 1235 733 1292 fis,
764 1238 913 1277 viceris.
978 1234 1099 1292 Qtod
1125 1238 1295 1289 primum
1327 1237 1419 1293 effet,
1450 1236 1692 1293 cotfi’ffionem

357 1294 402 1349 se
422 1293 571 1349 hfiium
587 1294 736 1347 habere,
769 1311 1000 1349 nequaquam
1026 1306 1142 1348 pares
1164 1295 1227 1351 ff
1239 1294 1341 1350 fibi:
1373 1297 1481 1335 brevi
1505 1296 1557 1338 &⁴
1576 1298 1706 1336 vic—1¹0-v

370 1354 467 1393 riam
501 1353 607 1394 haud
638 1353 787 1394 dubiam
807 1354 1043 1405 habiturum,
1072 1369 1136 1393 nec
1158 1354 1302 1394 meliore
1325 1363 1461 1394 eventu
1482 1356 1692 1410 eossecum,

369 1411 571 1470 quhmspe,
598 1420 849 1467 pugnaturos.
882 1412 987 1454 Laeti
1009 1426 1146 1467 regem
1161 1412 1256 1452 socii
1275 1413 1510 1453 audierunt.
1576 1413 1693 1453 Red-

368 1470 472 1511 didit
504 1471 598 1511 inde
622 1471 787 1512 Achaeis
822 1472 1015 1512 Heraeam
1051 1474 1090 1513 &
1113 1470 1387 1527 Triphyliam.
1448 1471 1691 1526 Alipheram

368 1539 507 1570 autem
524 1530 847 1585 Megalopolitis,
880 1531 992 1584 quod
1017 1533 1080 1586 (3)
1103 1529 1267 1570 suorum
1289 1529 1405 1571 fuiffe
1429 1530 1573 1571 finium
1596 1530 1690 1572 satis

368 1587 610 1643 probabant,
642 1589 828 1631 restituit.
869 1589 978 1639 inde,
1022 1588 1192 1629 navibus
1223 1589 1401 1643 acceptis
1427 1589 1476 1629 ab
1509 1589 1692 1640 Achaeis,

368 1650 502 1701 (erant
521 1657 659 1688 autem
681 1658 762 1689 tres
782 1648 1060 1702 quadriremes
1084 1650 1123 1689 δι
1146 1647 1321 1689 biremes
1353 1648 1545 1703 totidem)
1568 1649 1694 1689 Anti-

367 1719 506 1761 cyram
547 1707 719 1762 trajecit.
754 1707 848 1747 inde
882 1706 1250 1760 quinqueremibus
1275 1706 1445 1761 septem,
1480 1707 1690 1748 &lembis

366 1763 511 1820 viginti
547 1766 738 1820 amplifis,
781 1779 901 1819 quos,
934 1775 978 1805 ut
1014 1766 1256 1821 adjungeret
1286 1765 1689 1821 Karthaginienfium

367 1822 492 1875 claffi,
524 1824 688 1864 miserat
720 1825 763 1864 in
785 1823 1049 1865 Corinthium
1086 1824 1231 1872 smum,
1263 1823 1477 1878 profefflms
1507 1825 1558 1865 ad
1584 1825 1688 1881 Ery-

366 1881 480 1922 thras
507 1882 760 1932 AEtolorum,
794 1897 886 1936 quae
925 1896 1053 1936 prope
1083 1883 1304 1936 Eupalium
1339 1882 1446 1933 sunt,
1477 1882 1689 1936 ssexscen-

366 1940 519 1981 sionem
560 1940 671 1982 fecit.
750 1941 877 1982 Haud
912 1941 1058 1980 fefellit
1087 1940 1276 1982 AEtolos:
1328 1955 1439 1991 narn,
1469 1941 1688 1983 hominurn

369 2004 386 2049 11
408 2000 519 2053 quod
539 2010 609 2040 aut
630 2000 673 2040 in
690 2000 811 2056 agris,
843 2010 913 2040 aut
935 2000 976 2039 in
1004 1999 1246 2054 propinquis
1266 2000 1439 2041 castellis
1460 2000 1690 2043 Potidaniae

365 2070 489 2112 atque
513 2059 745 2114 Apolloniae
774 2058 869 2110 fuit,
903 2058 943 2098 in
973 2058 1084 2099 silvas
1114 2059 1355 2113 montesque
1383 2058 1549 2116 refugit.
1611 2059 1691 2102 Pe-

366 2130 477 2166 cora‚
507 2132 599 2172 quae
633 2119 739 2158 inter
761 2117 1062 2158 festinationem
1085 2116 1192 2173 abigi
1214 2118 1471 2172 nequierant,
1503 2118 1596 2158 sunt
1625 2119 1688 2159 di-

365 2185 481 2229 repta
501 2179 542 2217 &
561 2176 603 2216 in
625 2191 747 2218 naves
769 2175 988 2230 compulsa.
1053 2175 1161 2216 Cum
1197 2175 1261 2217 his
1295 2177 1512 2231 ceteraque
1533 2178 1687 2232 praeda,

365 2232 486 2275 Nicia
519 2245 691 2290 praetore
726 2235 976 2277 Achaeorum
1013 2234 1187 2290 AEgium
1223 2234 1350 2285 misso,
1383 2249 1513 2289 quum
1539 2235 1688 2277 Corin-

366 2291 485 2333 thum
509 2294 679 2348 petiffet,
715 2300 730 2346 ΙΙ
756 2293 960 2349 pedestres
982 2293 1076 2333 inde
1099 2293 1236 2347 copias
1256 2308 1328 2348 per
1350 2294 1556 2334 Boeotiam
1578 2296 1687 2336 terra

366 2351 463 2392 duci
493 2351 620 2408 jussit.
654 2353 756 2408 ipse,
788 2353 838 2394 ab
879 2351 1102 2393 Cenchreis
1131 2362 1278 2406 praeter
1319 2364 1470 2394 terram
1501 2353 1684 2394 Atticam

1567 2411 1686 2467 super

413 2530 452 2560 C.
473 2528 505 2560 8.
522 2529 579 2571 (1)
596 2530 723 2571 Nempe
737 2527 784 2561 rei
800 2529 962 2572 gerendae,
984 2536 1041 2561 aut
1059 2528 1229 2560 occafioni.
1274 2529 1332 2572 (2)
1348 2531 1452 2571 Supra
1470 2529 1491 2560 l.
1512 2538 1566 2568 25.
1586 2540 1613 2561 c.
1631 2538 1689 2569 27.

360 2574 505 2616 pstquam
521 2578 630 2606 tendere
639 2577 713 2616 adse
725 2575 866 2607 Romanas
883 2588 972 2607 naves
984 2578 1070 2606 vidit·
1087 2573 1174 2606 infra
1192 2575 1211 2606 l.
1227 2584 1280 2615 33.
1297 2586 1327 2606 c.
1346 2584 1402 2613 41.
1454 2576 1579 2618 Cyprum
1595 2576 1684 2606 nihil-

366 2621 468 2650 ominm
483 2623 604 2652 tendent.
650 2620 708 2662 (3)
722 2618 873 2653 Sicinfra
888 2621 909 2652 l.
929 2630 985 2659 40.
1010 2632 1038 2652 c.
1065 2630 1121 2660 25.
1147 2622 1224 2652 culta
1239 2634 1272 2652 ea
1299 2620 1595 2664 Iocasuorumfinium
1619 2621 1681 2664 ff.

367 2662 377 2692 l
410 2673 466 2702 43.
483 2675 511 2696 c.
527 2674 581 2699 10.
602 2667 957 2710 Uflanaoppidumstnium
969 2669 1133 2711 plerumque
1149 2668 1252 2707 Persei
1266 2673 1340 2697 erat.
1358 2665 1380 2695 l·
1399 2675 1452 2704 44.
1467 2677 1496 2698 c.
1511 2667 1682 2710 10.finium

1658 2725 1681 2741 ΙΙ
