1834 3099
79 207 163 260 316

76 537 212 578 R'artlnrg
219 541 274 568 irn-

75 585 147 623 ιηίῖις
156 591 253 624 pacem

70 638 181 672 ⁴9:382!-

808 204 862 247 T.
928 206 1147 250 LIVII

306 337 435 379 Laelio
470 337 654 378 Romam
677 338 737 392 (ι)
760 351 854 377 cum
879 337 1063 379 vicloriae
1099 337 1266 386 nuncio,
1299 338 1381 380 Cn⁶
1414 333 1640 379 Octavium

307 396 484 437 terrestri
507 397 652 436 itinere
673 397 823 436 ducere
847 396 1028 452 legiones
1050 397 1347 453 Karthaginem
1362 396 1480 452 jubet
1500 412 1509 437 :
1541 396 1641 450 ipse,

306 457 355 496 ad
379 456 491 496 suam
516 465 695 495 veterem
713 456 817 495 nova
841 455 1008 496 Lentuli
1043 457 1158 496 classe
1182 455 1394 512 adjuntfilfi,
1425 455 1641 511 profecius

306 515 355 555 ab
377 514 505 557 Utica
537 524 702 569 portum
725 514 991 570 Karthaginis
1025 516 1142 570 petit.
1204 516 1332 556 Haud
1366 516 1509 570 procul
1546 513 1642 555 abe—

304 584 381 623 rat,
415 588 543 628 quum
562 574 734 625 †velata
776 572 919 614 infulis
953 574 1156 628 ramisque
1187 575 1289 615 oleae
1318 573 1640 629 Karthaginien-

304 634 406 674 slum
438 632 618 674 occurrit
646 632 773 672 navis.
836 632 994 674 Decem
1033 634 1154 689 legati
1177 644 1292 674 erant
1313 633 1519 689 principes
1541 632 1640 673 civi-

303 693 413 743 tatis,
446 692 615 733 auctore
638 691 873 732 Hannibale
910 692 1010 732 miffi
1034 695 1083 732 ad
1116 694 1336 748 petendam
1367 705 1525 746 pacem.
1564 691 1636 745 qui

303 766 432 805 quum
451 752 501 791 ad
519 750 690 806 puppim
715 751 916 805 praetoriae
940 750 1054 792 navis
1071 752 1328 801 acceffiffent‚
1365 757 1380 803 {l
1407 751 1637 791 velamenta

302 810 532 866 supplicum
556 809 828 865 porrigentes,
860 820 1041 862 orantes,
1071 810 1417 865 implorantesque
1444 809 1570 850 fidem
1597 811 1637 850 δε

303 869 621 910 misericordiam
646 868 875 923 Scipioni53
908 870 1071 909 nullum
1093 870 1141 911 iis
1163 871 1273 910 aliud
1304 869 1542 925 responsum
1566 868 1640 908 da-

301 940 406 977 tum,
440 927 565 982 quarn
589 938 633 967 ut
656 928 865 967 'l‘unetem
888 928 1099 968 venirent:
1131 927 1182 968 eo
1201 929 1238 969 se
1261 940 1474 969 moturum
1493 927 1637 968 castra.

301 987 383 1042 ipse
407 987 455 1027 ab
478 987 759 1041 contemplato
789 986 864 1026 sltu
893 986 1179 1041 Karthaginis,
1211 1001 1294 1027 non
1328 998 1410 1027 tam
1444 985 1638 1027 noscendi

300 1047 342 1087 in
369 1052 384 1098 Η
411 1045 640 1102 praesentia,
673 1043 799 1100 quarn
836 1045 1094 1099 deprimendi
1125 1049 1189 1101 (2)
1211 1046 1339 1087 hostis
1372 1045 1506 1096 causa,
1536 1044 1639 1086 Uti-

299 1120 406 1155 cam,
440 1102 586 1145 eodem
622 1107 660 1145 &
696 1104 878 1145 octavio
907 1114 1116 1155 revocato,
1147 1104 1284 1146 rediit.
1352 1105 1453 1146 Inde
1494 1118 1639 1159 proce-

299 1165 492 1205 dentibus
529 1165 579 1204 ad
615 1164 825 1203 Tunetem
859 1163 1036 1204 nuncius
1073 1165 1236 1213 allatus,
1268 1164 1530 1212 Verminam,
1562 1164 1640 1218 Sy-

298 1223 440 1279 phacis
463 1224 610 1272 silium,
644 1236 739 1263 cum
773 1221 983 1276 equitibus
1015 1223 1220 1276 pluribus,
1255 1223 1381 1278 quam
1415 1221 1638 1277 peditibus,

298 1283 438 1323 venire
478 1281 890 1337 Karthaginiensibus
925 1282 1096 1322 auxilio.
1150 1297 1243 1338 pars
1285 1280 1496 1323 exercitiis
1538 1295 1636 1322 cum

297 1343 413 1382 omni
454 1341 641 1395 equitatu
677 1343 742 1396 (3)
767 1340 1054 1381 Saturnalibus
1076 1341 1220 1396 primis
1257 1356 1406 1398 agmen
1439 1340 1638 1398 aggreffa,

297 1401 506 1443 Numidas
528 1400 606 1440 levi
638 1399 862 1440 certamine
885 1399 1006 1439 fudit.
1040 1401 1153 1441 exitu
1181 1415 1348 1456 quoque
1369 1400 1481 1456 fugae
1509 1400 1636 1440 inter-

299 1460 428 1511 cluso,
459 1463 520 1515 (4)
539 1475 561 1499 a
584 1469 698 1513 parte
719 1459 834 1499 omni
857 1459 1123 1499 circumdatis
1141 1459 1364 1514 equitibus,
1397 1458 1636 1514 quindecim

300 1519 428 1560 millia
456 1518 676 1560 hominum
709 1517 838 1568 caesa·,
871 1518 982 1559 mille
1023 1521 1063 1559 ἅτ
1101 1518 1270 1559 ducenti
1290 1518 1371 1558 vivi
1395 1518 1504 1574 capti
1527 1517 1639 1569 sunt,

303 1581 344 1620 δε
367 1578 465 1633 equi
489 1576 708 1619 Numidici
739 1577 851 1618 mille
877 1579 915 1622 ὃς
941 1576 1173 1632 quingenti,
1206 1577 1315 1634 figna
1339 1577 1530 1626 militaria
1553 1578 1638 1618 duo

302 1641 344 1680 ἐι
362 1636 630 1693 septuaginta.
694 1636 884 1691 Regulus
899 1634 981 1691 ipse
1005 1635 1112 1677 inter
1125 1638 1352 1679 tumultum
1377 1651 1472 1678 curn
1496 1636 1640 1692 paucis

300 1696 460 1752 effugit.
520 1696 634 1736 Tum
653 1695 703 1735 ad
724 1695 935 1735 Tunetem
957 1696 1120 1747 eodem,
1153 1710 1238 1750 quo
1270 1706 1405 1746 antea,
1437 1697 1530 1737 loco
1553 1694 1639 1736 cas-

301 1765 362 1795 tra
394 1755 538 1810 polita,
571 1753 777 1810 legatique
817 1753 984 1810 triginta
1017 1753 1274 1810 Karthagine
1311 1756 1362 1795 ad
1397 1754 1638 1809 Scipionem

302 1824 516 1855 venerunt.
546 1815 583 1854 8<
609 1813 666 1853 illi
699 1812 867 1867 quidem
890 1814 1022 1854 multo
1061 1813 1349 1864 miserabilius,
1381 1813 1507 1869 quam
1526 1811 1638 1863 ante,

301 1875 403 1928 (quo
426 1873 555 1928 magis
578 1871 750 1926 cogebat
782 1871 969 1927 fortuna)
990 1883 1165 1927 egerunt
1184 1888 1193 1913 z
1225 1871 1293 1913 sed
1325 1873 1538 1927 aliquanto
1561 1872 1639 1912 mi-

301 1946 401 1972 nore
423 1946 519 1972 cum
556 1931 832 1971 misericordia
869 1930 919 1972 ab
951 1931 1107 1972 recenti
1130 1932 1329 1972 memoria
1350 1931 1534 1987 perfidiae
1567 1946 1641 1972 au-

301 1992 375 2032 diti
399 1991 504 2031 sunt.
538 1991 585 2030 In
601 1990 768 2032 confilio
792 1993 852 2045 (5)
870 2004 1108 2045 quanquam
1127 1989 1236 2046 justa
1250 1990 1311 2031 ira
1329 2004 1473 2032 omnes
1496 1991 1640 2048 adpde-

300 2051 467 2091 lendum
519 2049 753 2092 stimulabat
804 2049 1134 2107 Karthaginem3
1186 2060 1341 2100 tamen,
1393 2065 1541 2106 quum,
1595 2052 1638 2092 δε

1485 2118 1641 2166 quanta

348 2262 387 2292 C.
410 2259 458 2298 36,
481 2259 537 2299 (1)
555 2258 744 2290 Delendum
776 2257 911 2290 videtur
938 2258 971 2289 orb
1001 2270 1083 2288 eum:
1123 2255 1168 2288 ita
1197 2254 1286 2288 enim
1312 2253 1476 2297 saepiffime
1507 2253 1638 2286 Livius.

302 2305 408 2347 Supra
424 2305 445 2335 l.
462 2307 512 2336 26.
531 2318 557 2338 c.
574 2315 625 2344 51.
656 2306 755 2348 Scipio
773 2307 899 2336 Laelium
919 2330 925 2337 .
949 2326 957 2335 .
977 2327 985 2335 .
998 2306 1129 2334 nuncium
1160 2305 1293 2334 vifioriae
1325 2303 1446 2332 Romam
1478 2303 1576 2332 mittit.
1603 2301 1636 2332 δι

302 2351 429 2392 paffim.
477 2352 535 2391 (2)
551 2350 754 2382 Ostentando
773 2361 892 2392 nempe
906 2350 1140 2392 oppugnandae
1158 2347 1250 2380 urbis
1273 2345 1420 2380 consilio.
1458 2348 1638 2394 ‘Deprimere

300 2400 420 2438 aliquem
438 2397 584 2428 occurrit
603 2397 699 2439 supra
717 2396 741 2427 l.
756 2405 788 2436 3.
806 2407 832 2427 c.
849 2396 901 2435 ⁶5.
916 2395 1002 2427 infra
1022 2395 1040 2426 Ι.
1059 2405 1114 2435 37.
1133 2403 1230 2434 c.53.
1273 2395 1328 2434 (3)
1349 2392 1463 2425 Primo
1480 2393 1639 2425 Saturna-

302 2442 381 2473 lium
396 2441 462 2480 die‚
487 2453 557 2484 quae
575 2453 634 2483 per
651 2442 801 2474 triduum
819 2442 1083 2473 celebrabantur.
1131 2440 1202 2473 Cic.
1230 2439 1252 2471 l·
1272 2449 1325 2479 13.
1343 2439 1385 2470 ad
1400 2440 1477 2469 Att.
1495 2437 1560 2480 Ep.
1576 2438 1636 2469 ult.

302 2489 403 2532 Quum
424 2490 553 2529 secundis
571 2489 775 2520 Saturnalibus
806 2490 847 2518 ad
873 2489 1045 2531 Philippum
1065 2489 1177 2530 vesperi
1194 2486 1321 2530 venfflt.
1369 2484 1489 2517 Noster
1504 2482 1592 2515 infra
1615 2483 1636 2514 l.

303 2545 355 2571 44.
372 2545 396 2565 c.
418 2543 471 2565 20-
494 2536 596 2577 Legati
613 2548 648 2565 ex
665 2533 841 2565 Macedonia
868 2535 1103 2578 Qinquatribus
1128 2534 1237 2564 ultimis
1254 2538 1406 2563 venerunt.
1452 2529 1510 2572 (4)
1524 2531 1638 2573 Qum

301 2579 470 2620 equitatus
486 2581 716 2612 Romanorum
733 2579 797 2611 sese
814 2579 852 2610 iis
879 2579 920 2611 ab
946 2579 1036 2610 omni
1055 2586 1150 2621 parte
1163 2575 1463 2609 circumfudiffent.
1510 2577 1568 2616 (5)
1586 2575 1638 2604 ln-

303 2625 457 2658 dicantur
487 2626 587 2659 duces
619 2637 655 2658 ac
684 2625 784 2668 primi
811 2625 958 2666 ordina,
984 2635 1067 2668 quos
1095 2625 1240 2657 summus
1267 2623 1335 2656 dux
1355 2622 1389 2655 in
1417 2632 1452 2654 re
1476 2619 1638 2671 gravioris

1478 2674 1639 2700 momenti
