1860 3099
119 205 199 248 186

834 208 891 250 T.
956 208 1176 251 LIVII

331 321 455 377 cepit,
479 321 662 364 tironum
686 325 811 366 modo
836 327 1079 382 corporibus
1120 326 1349 381 animisque
1382 328 1661 374 deficiebant:

337 385 378 423 &
403 382 553 422 deinde
568 397 641 437 per
672 397 796 424 omne
821 385 1054 427 aestivorum
1085 397 1248 442 tempus
1272 401 1422 442 magna
1443 403 1541 444 pars
1573 392 1658 432 fine

333 446 358 493 †
379 441 681 483 commeatibus
703 442 752 483 ab
780 443 901 499 lignis
923 445 1208 487 dilabebantur
1228 462 1236 487 :
1266 460 1401 500 neque
1433 449 1528 490 aliae
1558 450 1664 491 late-

332 499 432 549 brae,
471 499 597 555 quam
615 501 777 556 Capua,
794 503 1070 546 desertoribus
1086 515 1213 546 erant.
1632 535 1639 543 .

399 559 520 600 XIX.
555 559 777 614 Ceterum,
799 562 1039 606 mitescente
1069 565 1156 620 jam
1179 564 1331 614 hieme,
1355 564 1510 606 educto
1526 577 1574 603 ex
1597 562 1664 602 hi-

329 617 467 660 bernis
480 619 628 672 milite,
646 620 872 662 Casilinum
895 623 1013 663 redit.
1047 623 1134 674 ubi,
1157 638 1395 678 quanquam
1417 623 1466 664 ab
1499 637 1663 678 oppug-
1684 628 1691 630 ’

330 678 497 719 natione
519 678 712 719 cessatum
735 689 838 729 erat,
861 680 1014 722 obfidio
1046 692 1185 723 tamen
1218 684 1460 723 continuata
1489 682 1664 736 oppida-

330 751 405 778 nos
439 738 755 793 praefidiumque
777 741 827 779 ad
846 740 1040 781 ultimum
1074 741 1225 796 inopiae
1246 743 1490 782 adduxerat.
1557 740 1660 784 Cas-

329 795 403 837 tris
422 797 628 838 Romanis
645 798 714 838 Ti.
740 797 1017 853 Sempronius
1037 803 1097 856 (1)
1117 811 1306 855 praeerat,
1340 801 1550 842 dictatore
1587 814 1660 841 au-

327 855 549 910 spiciorum
572 857 891 911 repetendorum
909 859 1028 899 causa
1060 859 1250 914 profeclo
1275 860 1472 900 Romam.
1538 860 1658 899 Mar-

326 915 496 966 cellum,
520 915 715 970 &ipsum
738 917 975 971 cupientem
1014 917 1121 958 ferre
1164 919 1363 959 auxilium
1401 917 1578 967 obsessis,
1614 921 1656 960 &

327 973 564 1015 Vulturnus
582 974 714 1015 amnis
731 974 897 1016 inflatus
914 977 976 1031 (2)
990 978 1126 1032 aquis,
1152 980 1191 1018 δε
1215 991 1358 1032 preces
1389 978 1656 1018 Nolanorum

325 1042 448 1088 atque
475 1035 784 1073 Acerranorum
808 1037 889 1089 (3),
911 1035 1124 1087 tenebant,
1144 1037 1384 1091 Campanos
1403 1036 1659 1086 timentium,

326 1092 353 1132 fi
378 1092 614 1146 praesidium
638 1092 881 1133 Romanum
905 1093 1154 1136 absceffiffet.
1219 1095 1458 1146 Gracchus,
1481 1095 1654 1136 allidens

327 1152 492 1190 tantum
528 1151 728 1202 Casilino,
763 1152 860 1205 quia
879 1153 941 1207 (4)
963 1154 1212 1207 praedifitum
1245 1164 1332 1194 erat
1347 1154 1578 1203 diEtatoris,
1602 1168 1656 1195 ne

323 1210 424 1264 quid
443 1208 608 1250 absente
638 1223 686 1250 eo
718 1210 777 1250 rei
799 1222 976 1265 gereret,
1008 1212 1111 1252 nihil
1131 1212 1323 1253 movebat
1347 1228 1356 1253 ε
1394 1226 1657 1267 quanquam,

324 1283 417 1322 quae
440 1267 560 1309 facile
583 1283 752 1309 omnem
770 1269 1013 1326 patientiam
1036 1270 1269 1323 vincerent,
1292 1271 1601 1312 nunciabantur
1633 1285 1657 1311 a

323 1327 518 1368 Casilino.
551 1342 647 1368 nam
687 1330 748 1381 &,
774 1328 1042 1383 praecipitass'e
1062 1329 1100 1370 se
1122 1331 1189 1386 (5)
1213 1329 1414 1384 quosdam
1437 1344 1522 1371 non
1549 1331 1654 1370 tole-

321 1397 459 1426 rantes
509 1386 678 1437 famem,
727 1386 969 1437 constabat3
1021 1391 1063 1430 δι’
1097 1388 1199 1430 stare
1231 1390 1413 1430 inermes
1441 1389 1483 1429 in
1506 1389 1654 1440 muris,

319 1446 431 1486 nuda
463 1460 634 1500 corpora
676 1447 725 1486 ad
775 1446 983 1486 miffilium
1023 1448 1201 1488 telorum
1248 1448 1358 1489 ἰξὶιιε
1404 1447 1650 1503 praebentes.

318 1503 378 1544 Ea
425 1519 532 1559 aegre
596 1505 757 1559 patiens
804 1505 1042 1558 Gracchus,
1085 1521 1216 1561 quum
1279 1521 1414 1562 neque
1464 1521 1651 1563 pugnam

317 1563 530 1603 conserere
607 1563 822 1606 dictatoris
888 1564 1037 1620 injuffu
1103 1568 1287 1615 auderet,
1359 1567 1652 1621 (pugnandum

317 1633 457 1662 autem
494 1622 588 1674 effe,
627 1623 653 1662 fi
714 1623 850 1677 palam
912 1623 1172 1664 frumentum
1225 1624 1483 1678 importaret,
1535 1625 1649 1665 vide-

318 1680 405 1738 bat)
441 1695 574 1738 neque
613 1683 719 1723 clam
759 1682 1012 1736 importandi
1050 1682 1138 1738 spes
1180 1683 1291 1734 effet‚
1309 1682 1432 1733 farre,
1455 1698 1505 1724 ex
1538 1683 1652 1739 agris

1536 1757 1652 1787 CIYCR

319 1859 380 1901 prii
405 1860 428 1891 1.
453 1869 484 1900 5.
514 1871 543 1892 c.
573 1870 602 1892 2.
620 1862 803 1904 subpellibus
820 1865 939 1894 durare.
987 1860 1141 1894 Militum
1152 1861 1366 1894 tabernacula
1384 1861 1474 1904 apud
1488 1859 1646 1904 antiquos

320 1905 462 1947 pellibus
478 1906 755 1940 conficiebantur.

364 1973 403 2002 C.
428 1981 478 2012 19.
504 1972 560 2011 (1)
587 1971 638 2003 Ti.
654 1973 833 2014 Sempronius
850 1974 1006 2010 Gracchus,
1017 1983 1136 2014 nempe
1153 1971 1302 2014 magister
1320 1970 1484 2013 equitum.
1501 1968 1601 2013 snpl‘i
1619 1971 1641 2002 l.

319 2025 370 2047 22.
388 2028 415 2048 c.
431 2027 486 2056 57.
501 2017 670 2059 [Ceterum
687 2017 841 2050 nonnihil
859 2018 1017 2060 suspicor,
1052 2018 1122 2060 post
1138 2020 1311 2055 aehluxerat,
1338 2016 1489 2049 excidisse
1512 2017 1642 2059 aliquot

314 2072 423 2101 voces,
435 2063 554 2104 quibu>>
579 2072 749 2094 narratum
766 2071 849 2102 crat,
861 2064 1050 2096 Casilinates
1068 2065 1109 2095 ad
1126 2063 1300 2095 dictatoris
1317 2063 1418 2095 castra
1432 2063 1516 2095 &ad
1544 2064 1645 2094 Mar-

313 2108 435 2140 cellum
453 2109 566 2140 misrffe
581 2118 713 2140 orantes
727 2120 834 2152 opem.
883 2112 917 2140 In
937 2111 1020 2141 hanc
1034 2110 1229 2141 sententiam
1245 2110 1276 2140 id
1295 2121 1346 2140 me
1363 2108 1566 2151 potiffimiim
1583 2110 1644 2141 ad-

312 2154 416 2192 ducit,
431 2157 522 2196 quod
536 2166 613 2186 mox
633 2155 791 2196 sequitur,
809 2158 1001 2192 Mun-llum,
1022 2167 1067 2187 E'r
1087 2166 1194 2187 nsum
1209 2159 1362 2194 cupientem
1383 2157 1474 2196 ferre
1497 2157 1642 2186 auxilium

309 2201 424 2242 olqfiffis.
439 2200 505 2232 vid.
529 2211 602 2233 not.
617 2211 647 2240 5.
665 2202 706 2232 ad
718 2212 745 2232 c.
761 2210 813 2233 20.
829 2203 851 2233 l.
865 2211 916 2233 21.
935 2202 1047 2243 supra.
1070 2201 1120 2244 fi]
1168 2201 1225 2243 (2)
1238 2201 1272 2232 h.
1291 2212 1317 2232 e,
1334 2200 1497 2232 imbribus
1510 2201 1639 2233 anetus

310 2245 351 2276 fic
367 2246 453 2278 infra
470 2247 490 2277 l.
505 2257 556 2285 40.
571 2259 599 2278 e·
617 2257 671 2287 33.
690 2249 900 2289 inexplicabiles
913 2250 1047 2278 continuis
1073 2248 1208 2279 imbribus
1226 2249 1287 2278 viae
1302 2248 1341 2279 {3³
1351 2248 1447 2290 itfiate'
1457 2260 1553 2278 amnes
1561 2255 1638 2278 tene-

308 2291 390 2323 bant.
437 2293 582 2325 Locutio
593 2301 703 2325 tamen
717 2292 797 2323 milri
812 2292 944 2324 videtur
956 2292 1164 2324 insolentior.
1205 2293 1346 2335 Proprie
1357 2291 1532 2336 inflaturid‚
1544 2293 1637 2334 quod

307 2335 389 2369 ssatu
407 2337 587 2380 impletur3
620 2347 690 2370 tum
716 2339 868 2370 transsate
897 2338 1058 2380 quicquid
1091 2338 1180 2379 quasi
1197 2349 1301 2370 vento
1317 2339 1371 2370 seu
1385 2339 1458 2370 aere
1474 2338 1636 2371 tumescit.

307 2382 470 2424 Virgilius
482 2385 617 2426 quidem
635 2384 729 2421 dixit,
759 2385 827 2416 Ecl.
861 2383 891 2415 6.
923 2396 957 2416 V.
988 2395 1038 2423 15-
1065 2386 1200 2427 Iaefiafnm
1215 2385 1342 2423 hesterno
1358 2397 1457 2422 venas,
1471 2386 1637 2426 utfimper,

307 2429 472 2460 ]‹1ccl›0.lbi
486 2433 575 2467 vero,
587 2429 621 2461 ni
639 2431 749 2467 fallor,
759 2438 856 2471 poeta
868 2433 973 2461 Deum
990 2430 1118 2462 inducit
1136 2430 1234 2462 Sileni
1248 2441 1352 2461 venas:
1366 2429 1549 2468 inflantem,
1564 2437 1620 2462 tur

307 2474 462 2515 gidasque
485 2477 553 2517 ejus
575 2487 688 2513 venas,
714 2486 782 2507 non
809 2484 876 2508 tam
902 2476 1055 2513 humore,
1077 2479 1178 2518 quam
1195 2487 1320 2518 vapore
1336 2475 1408 2507 vini
1423 2474 1578 2507 hesterni.
1592 2477 1630 2507 E.

307 2520 365 2559 (3)
387 2520 631 2563 Accipiendnm
656 2523 791 2554 videtur
813 2523 854 2554 de
881 2522 1073 2559 Acerranis,
1102 2521 1159 2563 qui
1185 2521 1306 2553 Nolam
1332 2523 1513 2564 fugerant:
1552 2531 1633 2553 nam

307 2565 406 2607 {parsi
417 2567 549 2598 fuerant
563 2579 621 2609 per
635 2568 734 2601 urbes
758 2568 960 2609 Campaniae,
975 2567 1034 2608 qui
1059 2567 1158 2599 fidem
1185 2577 1253 2598 non
1270 2574 1455 2598 mutarant.
1479 2566 1578 2608 supra
1604 2578 1635 2598 c.

309 2619 363 2647 17.
393 2612 586 2644 Gronovius
603 2613 707 2656 legere
731 2613 805 2644 vult
824 2615 1046 2651 Avellanorum.
1094 2613 1151 2654 (4)
1175 2610 1394 2650 Praedixerat,
1432 2612 1487 2644 seu
1515 2611 1628 2644 edicio

307 2664 510 2698 praecaverat
528 2658 682 2690 dictator.
729 2660 835 2700 Supra
861 2659 884 2690 l.
911 2668 939 2691 2·
963 2670 994 2690 c.
1025 2669 1074 2691 ιο.
1100 2660 1203 2701 Itaque
1216 2660 1633 2701 monere,praedicere‚utpon-

306 2709 360 2733 tem
387 2728 391 2732 .
421 2726 428 2732 .
455 2724 464 2734 .
488 2706 709 2746 ‘'rdet-rumpant.
726 2704 745 2734 l.
765 2713 820 2735 21·
841 2715 871 2736 c.
895 2714 944 2735 10.
962 2704 1375 2747 mon1tf'ffi’,praerlixiffi5fi,ne
1391 2703 1455 2735 &O
1481 2702 1627 2744 Aliquot

306 2755 417 2779 autem
435 2748 563 2781 codices
580 2749 702 2781 habent
720 2752 850 2781 dmum.
898 2750 954 2790 (5)
974 2751 1007 2780 ln
1026 2749 1165 2781 fluvium
1178 2748 1347 2791 intellige3
1372 2756 1409 2782 ut
1426 2749 1526 2791 supra
1542 2748 1565 2781 l.
1595 2760 1628 2788 4.

308 2803 336 2825 c.
365 2804 378 2825 1
389 2803 415 2826 2.
440 2795 479 2827 de
503 2795 596 2838 gravi
625 2798 721 2827 fame.
769 2797 915 2838 Caepifibns
944 2797 1080 2828 obvolutis
1113 2797 1143 2827 in
1179 2795 1308 2828 ‘I‘Ihcrim
1322 2797 1358 2837 sc
1383 2797 1622 2840 praecipitavere.

1569 2840 1629 2883 (6)
