1834 3099
324 140 554 183 LIBER
601 140 782 182 XXVII.
827 141 982 184 CAP.
1014 142 1174 186 XXIX.
1553 157 1631 200 149

87 255 193 305 ceni,
239 257 444 310 ssaffulsit.
526 259 702 300 Secutus
735 257 830 298 inde
870 260 1061 310 nuncius,
1111 259 1404 312 Hannibalem,

85 311 363 356 Numidarum
386 317 571 371 equitatu
589 316 803 372 praemisso,
836 317 982 371 iplum,
1016 329 1216 372 quantum
1250 320 1405 361 accele-

83 386 171 412 rare
193 375 332 427 posset,
364 390 459 415 cum
478 376 662 430 peditum
696 375 857 429 agmine
879 374 1003 430 sequi.
1065 377 1208 432 Itaque
1232 376 1300 418 ubi
1322 378 1405 432 pri·

82 444 199 471 mum
221 433 425 474 Numidas
447 434 558 474 edito
585 448 606 474 e
629 433 799 487 specuhs
823 433 933 489 ligno
955 436 1171 476 adventare
1194 435 1324 486 sensit,
1359 439 1396 480 δι

84 487 183 542 ipse,
217 491 418 544 patefa&a
453 491 616 558 repente
654 492 785 545 porta,
818 491 936 533 ferox
971 493 1010 534 in
1051 493 1186 534 hostes
1208 495 1401 548 erumpit.

79 546 132 586 Et
154 548 305 602 primo,
326 551 455 606 magis
491 550 587 604 quia
626 549 846 604 improviso
880 550 921 590 id
940 551 1106 601 fecerat,
1139 566 1264 606 quam
1287 553 1403 606 quod

79 620 153 659 par
175 608 326 648 viribus
345 610 452 658 effer,
485 623 632 662 anceps
655 619 861 649 certamen
883 619 980 649 erat.
999 610 1146 650 deinde
1198 620 1241 650 ut
1264 610 1402 665 super-

77 671 225 706 venere
246 667 456 716 Numidae,
490 677 625 707 tantus
658 681 783 720 pavor
815 667 1017 708 Romanis
1039 668 1095 708 est
1129 669 1168 708 in
1168 667 1320 724 jefihis,
1355 678 1400 708 ut

77 723 217 776 paffim
240 727 289 765 ad
313 740 422 765 mare
444 740 488 765 ac
520 740 639 765 naves
662 724 718 765 fu
710 735 881 780 gerent3
915 726 1068 767 reliCtis
1090 727 1281 780 operibus
1313 740 1399 766 ma·

78 781 304 837 dumisque,
337 784 484 838 quibus
519 798 656 824 muros
679 783 929 837 quatiebant.
991 784 1052 825 Ita
1084 787 1259 826 adventu
1283 785 1399 825 Han-

77 839 222 881 nibalis
245 842 373 882 soluta
399 843 626 883 Locrorum
648 841 800 882 obfidio
822 842 893 883 est.

135 899 295 940 XXIX.
329 899 560 954 Crispinus,
607 901 821 955 postquim
861 901 903 940 in
940 901 1125 943 Bruttios
1157 900 1393 957 profectum

76 957 354 999 Hannibalem
396 959 525 1008 sensit,
576 959 817 1009 exercitum,
864 960 931 1000 cui
963 961 1118 1017 collega
1160 960 1394 1016 praefuerat‚

77 1016 140 1055 Μ.
165 1017 413 1059 Marcellum
430 1017 640 1057 tribunum
663 1018 840 1058 militum
865 1018 1086 1058 Venusiam
1108 1021 1172 1074 (1)
1194 1020 1396 1061 abducere

71 1073 195 1130 juffit.
234 1076 331 1130 ipse,
363 1091 458 1116 eum
495 1076 723 1132 legionibus
755 1076 834 1117 suis
857 1076 1044 1130 Capuam
1069 1077 1296 1131 profedtus„
1330 1078 1396 1118 vix

77 1133 235 1174 leericae
257 1135 521 1190 agitationem
542 1149 624 1189 prce
646 1135 841 1190 gravitate
866 1137 1080 1176 vulnerum
1102 1135 1275 1190 patiens,
1308 1136 1398 1177 Ro-

76 1206 186 1232 mam
210 1194 345 1234 literas
367 1195 417 1234 de
439 1204 570 1233 morte
594 1195 759 1249 collegae
783 1193 949 1247 scripsit,
982 1207 1217 1248 quantoque
1250 1194 1363 1250 ipse
1353 1209 1397 1235 m

77 1250 310 1293 discrimine
332 1252 439 1293 esset.
504 1252 549 1292 Se
567 1255 795 1293 comitiorum
827 1252 936 1306 causa
958 1268 1027 1292 non
1044 1253 1134 1310 pff
1153 1254 1311 1294 Romam
1333 1270 1398 1293 ve-

79 1311 188 1350 m'te:
221 1312 308 1365 quia
330 1326 394 1351 nec
414 1312 483 1351 viae
505 1311 662 1351 laborem
679 1312 852 1367 pcffurus
874 1310 1081 1361 videretur,
1103 1311 1155 1353 ἱῗ
1165 1312 1209 1352 de
1232 1312 1305 1351 Tm
1307 1321 1397 1353 ento

64 1368 247 1422 sllicitus
267 1370 359 1426 effit,
392 1385 435 1409 ne
456 1385 499 1409 ex
519 1370 688 1409 Bruttiis
715 1369 915 1411 Hannibal
931 1368 969 1410 εὸ
990 1378 1220 1410 converteret
1249 1386 1394 1425 agmen.

79 1426 243 1481 Legatos
259 1443 347 1483 opus
367 1428 429 1484 tjffi
450 1428 502 1467 ad
517 1429 563 1481 fis
595 1429 710 1477 mitti,
743 1430 843 1468 viros
869 1437 923 1480 pt
925 1428 1103 1468 ndentes
1135 1444 1219 1468 cum
1247 1429 1397 1483 quibus,

77 1501 155 1539 qzlae
191 1487 319 1536 vellet,
350 1486 393 1526 de
429 1487 617 1539 republica?
649 1487 870 1541 loquethtur
936 1487 1015 1527 Hae
1053 1487 1180 1527 literae
1214 1487 1395 1528 recitatae

76 1558 272 1599 magnum
290 1547 328 1586 δε
353 1544 513 1586 laetum
537 1557 667 1585 morte
691 1545 854 1585 alterius
876 1544 1068 1593 consulis,
1104 1547 1141 1585 8:
1166 1554 1324 1585 metum
1346 1547 1396 1586 de

76 1604 203 1643 altero
237 1602 438 1644 fecerunt.
497 1604 639 1658 Itaque
664 1606 703 1644 δι’
729 1603 782 1646 O.
806 1603 979 1644 Fabium
1018 1602 1149 1644 filium
1171 1605 1221 1644 ad
1244 1605 1398 1645 exerci-

77 1670 166 1701 tum
188 1662 409 1702 Venusiam
433 1661 655 1702 miserunt:
687 1665 726 1703 δε
749 1663 796 1702 ad
817 1662 1024 1703 consulem
1045 1673 1126 1703 tres
1140 1662 1261 1718 legati
1279 1661 1395 1712 miffi3

75 1721 186 1761 Sext.
210 1721 345 1774 Julius
382 1720 529 1770 Caesrr,
563 1722 610 1760 L.
645 1720 829 1762 Licinius
861 1721 1008 1770 Pollio,
1040 1721 1089 1761 L.
1115 1721 1284 1763 Cincius
1310 1722 1396 1762 Ali-

77 1790 254 1828 mentus,
288 1794 416 1834 quum
440 1779 579 1834 paucis
602 1783 695 1819 ante
718 1779 861 1820 diebus
882 1793 936 1820 ex
956 1779 1094 1820 Sicilia
1117 1779 1284 1820 rediffet.
1338 1780 1397 1819 Hi

77 1839 271 1879 nunciare
290 1838 446 1879 consuli
463 1838 570 1894 julli,
605 1848 663 1887 ut,
697 1838 721 1877 fi
746 1839 795 1878 ad
828 1838 994 1879 comitia
1020 1837 1102 1892 ipse
1126 1838 1305 1878 Romam
1331 1852 1397 1877 ve-

78 1897 164 1936 nire
186 1911 266 1937 non
289 1898 428 1951 poffet,
462 1897 705 1938 diCtatorem
729 1899 792 1950 (2)
822 1897 863 1936 in
897 1910 994 1951 agro
1028 1897 1221 1936 Romano
1244 1896 1397 1936 diceret

78 1955 341 1995 comitiorum
362 1955 492 1996 causa.
553 1955 596 1995 Si
633 1954 774 1996 consul
795 1955 1025 1995 Tarentum
1054 1954 1267 2008 profectus
1288 1955 1396 2001 esti-t,

79 2013 391 2072 QClaudium
432 2022 649 2067 praetorem
691 2015 850 2066 placere
881 2014 922 2052 in
944 2026 1035 2052 eam
1058 2013 1268 2067 regionem
1303 2014 1395 2052 inde

79 2073 280 2113 abducere
303 2073 501 2128 legiones,
535 2071 575 2110 in
608 2072 687 2124 quii
708 2072 904 2125 plurimas
926 2070 1127 2111 sociorum
1154 2071 1272 2111 urbes
1290 2071 1395 2110 tueri

79 2131 216 2185 poffet.
280 2129 432 2171 Eadem
468 2128 602 2170 testate
628 2129 686 2169 M.
714 2129 905 2170 Valerius
947 2143 1042 2169 cum
1084 2129 1199 2170 clafl'e
1228 2140 1392 2169 centum
1419 2131 1594 2186 CluffisRos

82 2190 249 2230 navium
282 2203 331 2229 ex
354 2188 491 2229 Sicilia
535 2188 577 2226 in
618 2187 802 2228 Africam
822 2186 1099 2241 sstransmifit:
1135 2190 1190 2237 &,
1218 2188 1267 2228 ad
1296 2188 1394 2228 Clu·
1414 2190 1497 2208 ''²‘''¹‘²
1516 2180 1610 2253 Aff:

80 2262 198 2302 peam
215 2247 357 2288 urbem
375 2246 661 2300 ‡exseens10ne
680 2245 804 2295 fafiffi,
835 2260 978 2301 agrum
1010 2245 1104 2296 late,
1134 2247 1245 2286 nullo
1265 2245 1393 2286 ferme
1414 2235 1476 2299 ῑῖῖ
1487 2230 1562 2266 p⁰p³⁴
1576 2235 1593 2253 α

79 2306 200 2347 obvio
224 2316 395 2357 armato,
425 2303 616 2346 vastabat.
642 2305 734 2345 inde
757 2306 806 2345 ad
842 2319 961 2345 naves
978 2305 1126 2360 raptim
1150 2305 1396 2359 praedatores

1230 2374 1398 2418 recepti,

1418 947 1562 990 Crspinus
1577 948 1600 976 it

1417 995 1542 1036 Capuam
1547 1018 1553 1025 .

127 2483 162 2514 C.
183 2493 238 2525 29.
263 2484 319 2525 (ι)
345 2484 484 2515 Abducere
511 2479 603 2521 aliqub
617 2482 769 2522 frequens
787 2481 829 2514 est
853 2482 942 2524 apud
959 2481 1116 2516 nostrum,
1134 2480 1230 2523 supra
1247 2491 1277 2513 c.
1299 2489 1350 2519 17.
1369 2482 1396 2511 in

81 2530 232 2568 hospitium
243 2531 361 2560 abdam.
385 2528 472 2559 infra}
489 2538 518 2558 c-
541 2525 593 2562 46.
613 2530 640 2557 in
658 2531 778 2559 tentoria
791 2530 915 2560 abdam.
963 2528 1041 2559 Ter.
1061 2529 1180 2561 Heaut.
1201 2536 1258 2559 1.2.
1282 2536 1331 2557 10.
1349 2528 1399 2557 ab·

81 2577 173 2606 ducere
183 2578 344 2606 adcaenam.
392 2573 515 2605 Similia
530 2573 602 2604 sunt
618 2574 737 2605 avolare
763 2575 884 2606 Romam
902 2573 998 2616 supra
1016 2574 1036 2607 l.
1059 2583 1089 2607 1.
1109 2585 1138 2607 c.
1156 2581 1213 2614 57.
1231 2575 1250 2615 †
1268 2579 1400 2603 avertere

80 2622 121 2651 ise.
165 2621 220 2662 (2)
234 2620 308 2653 Vid.
324 2628 395 2653 not.
413 2630 445 2660 5.
462 2620 503 2651 ad
521 2631 547 2652 c.
561 2628 590 2658 5.
603 2616 711 2660 supra.
1292 2663 1307 2705 )
1367 2664 1386 2694 d

1251 2665 1286 2707 (3
1321 2663 1400 2695 Vi..
