1834 3099
111 239 196 284 310

117 565 256 598 Rsaereius
268 577 322 594 va-

114 616 165 640 tec.
185 611 222 640 ‘T’
238 612 296 650 rjus

114 657 165 687 cluo
179 657 317 691 earmina.

824 221 880 275 '1'-
935 223 1153 268 L1v11

329 347 566 397 perpetrato
588 337 700 383 sacro
717 338 760 382 in
780 348 921 382 monte
940 343 1017 396 (1),
1050 340 1092 381 in
1116 339 1205 383 suas
1226 338 1398 395 quisque
1425 332 1656 394 provinciae

331 397 662 456 proficiscuntur.
725 399 893 456 Religio
915 400 1061 440 deinde
1082 414 1196 444 ..nova
1218 397 1381 455 objeEta
1405 396 1464 438 est
1485 409 1534 435 ex
1569 406 1658 435 car-

335 456 518 499 minibus
547 456 786 499 Marcianis.
846 458 976 500 Vates
1009 456 1076 500 hic
1111 457 1297 499 Marcius
1320 455 1484 498 illustris
1505 453 1656 500 fuerat,

341 518 397 566 &‚
427 530 557 570 quum
575 516 817 572 conquisitio
834 516 968 572 priore
989 531 1097 558 anno
1115 530 1165 557 ex
1201 507 1549 558 senatusconsulto
1569 509 1661 574 tali7

338 589 411 616 um
449 574 649 616 librorum
687 573 818 626 fieret,
850 575 893 616 in
924 575 991 616 M.
1031 574 1151 616 Atilii
1186 574 1372 629 praetoris
1393 569 1554 620 urbani,
1586 581 1658 623 qm

338 647 428 674 eam
462 647 550 674 rem
581 632 742 689 agebat,
771 648 918 674 manus
954 642 1150 674 venerant
1180 637 1256 688 (2).
1282 633 1314 674 is
1336 631 1523 688 protinus
1551 641 1660 669 novo

337 692 503 748 praetori
534 691 660 733 Sullae
693 694 757 748 (3)
789 692 1024 734 tradiderat.
1086 691 1147 732 Ex
1169 691 1294 748 hujus
1330 690 1481 732 Marcii
1498 685 1660 729 duobus

338 749 606 800 carminibus,
639 752 702 806 (4)
737 752 902 792 alterius
933 750 1021 807 post
1047 765 1134 792 rem
1157 750 1293 791 aetam
1316 749 1415 790 editi
1445 760 1541 789 curn
1571 753 1660 786 rato

337 808 561 850 auetoritas
583 819 749 861 eventu,
780 809 896 850 alteri
919 823 1101 864 quoque,
1132 811 1251 866 cujus
1273 809 1460 850 nondum
1497 815 1662 861 tempus

338 877 522 916 venerat,
572 867 765 907 afferebat
808 867 946 909 fidem.
1009 867 1150 908 Priore
1196 867 1376 910 carmine
1437 861 1665 907 Cannensis

338 925 537 982 praedicCta
578 926 714 967 clades
735 925 776 966 in
818 926 906 967 haec
929 925 1059 966 ferme
1095 926 1218 968 verba
1237 936 1357 967 erat:
1399 925 1464 981 (5)
1496 923 1661 965 Amnem

342 979 558 1039 Trquigena
584 984 760 1024 Cannam
789 984 958 1025 Romane
963 985 1065 1039 fuge
1080 1003 1093 1025 .-
1126 1001 1170 1025 ne
1184 995 1219 1026 te
1239 986 1450 1040 alienigenae
1469 989 1602 1037 cogant
1622 981 1663 1019 in

340 1053 467 1096 campo
495 1042 691 1083 Diomedis
713 1045 775 1097 (6)
797 1058 860 1083 con
877 1057 979 1082 erere
1009 1059 1158 1084 manus.
1222 1044 1296 1085 Sed
1328 1057 1443 1098 neque
1461 1040 1587 1082 credes
1619 1046 1663 1078 tu

341 1100 447 1149 mihi,
480 1101 588 1141 donec
623 1101 815 1154 compleris
832 1102 1025 1156 sanguine
1063 1113 1236 1156 campum
1257 1125 1273 1149 ;
1321 1102 1509 1155 multaque
1541 1097 1665 1139 millia

339 1159 449 1213 occifiz
471 1167 538 1199 tua
564 1158 710 1214 deferat
744 1161 868 1199 amnis
889 1161 929 1202 in
944 1168 1102 1213 pontum
1122 1175 1304 1216 magnum
1341 1175 1386 1203 ex
1405 1157 1664 1212 tert-dfrugi-

326 1217 430 1273 ferd
449 1239 463 1263 ‚·
491 1217 653 1272 pastibus
689 1226 802 1272 alque
834 1219 969 1259 avibus
997 1218 1187 1274 ferisque,
1218 1235 1296 1274 quae
1327 1218 1492 1259 incolunt
1525 1224 1666 1263 terras,

339 1276 491 1332 iisfimz‘
533 1278 597 1330 (7)
628 1277 703 1331 ‘fia
724 1292 812 1316 caro
832 1285 911 1318 tua.
936 1292 1026 1317 nam
1061 1277 1155 1318 mihi
1174 1278 1229 1317 iz‘a
1264 1276 1431 1334 Jupiter
1449 1275 1570 1333 fatus
1603 1272 1662 1330 §st-

338 1334 393 1376 Εἴ
434 1333 654 1375 Diomedis
696 1334 841 1390 Argivi
879 1349 1047 1390 campos
1084 1338 1125 1377 &
1164 1336 1353 1377 Cannam
1390 1335 1563 1386 flumen,
1593 1330 1665 1386 qui

341 1392 617 1434 militaverant
633 1392 676 1433 in
695 1392 744 1433 iis
766 1392 881 1443 locis,
909 1391 1030 1450 juxta
1053 1402 1174 1449 atque
1191 1394 1318 1451 ipsam
1341 1394 1500 1437 cladem
1522 1389 1668 1448 agnos-

341 1450 504 1492 cebant.
565 1451 679 1491 Tum
722 1452 895 1493 alterum
937 1466 1103 1494 carmen
1134 1453 1371 1504 recitatum,
1401 1466 1485 1492 non
1506 1465 1555 1492 eo
1575 1460 1667 1491 tan-

342 1507 436 1551 turn
472 1506 701 1560 obscurius,
748 1510 844 1566 quia
880 1510 1097 1552 incertiora
1128 1510 1267 1552 futura
1301 1509 1516 1569 praeteritis
1559 1507 1669 1557 sunt,

343 1567 412 1611 sed
443 1568 507 1624 (3)
528 1567 762 1625 perplexius
798 1568 922 1612 etiam
943 1568 1151 1626 scripturae
1168 1583 1335 1627 genere.
1399 1568 1565 1627 Hglt'em,
1586 1567 1669 1609 Ro-

1545 1627 1666 1677 mani,

393 1763 431 1795 C.
457 1770 510 1793 ιτ..
543 1761 615 1802 ⁴(1)
638 1760 799 1796 Vidfnot.
822 1771 876 1794 ια.
903 1764 954 1797 ad.
971 1774 1000 1795 c.
1022 1764 1076 1803 ⁶3.
1094 1764 1116 1797 l.
1134 1773 1189 1797 αι.
1209 1765 1317 1807 supra.
1360 1763 1418 1805 (2)
1441 1765 1492 1795 Sc.
1510 1761 1587 1795 libri
1613 1763 1666 1794 vel

349 1806 497 1839 earmina
513 1806 636 1840 Marcii
654 1806 748 1839 vatis.
794 1809 845 1840 De
861 1810 1052 1853 conqufitione
1068 1809 1230 1842 librorum
1245 1808 1468 1844 vaticinorum
1480 1809 1549 1840 vid.
1566 1809 1666 1850 supra

348 1864 378 1884 e.
400 1863 427 1883 ι.
450 1853 481 1884 &
498 1859 569 1884 not.
593 1853 625 1884 8.
644 1853 694 1884 ad.
719 1864 750 1884 c.
767 1863 797 1893 7.
820 1855 908 1885 Infra
926 1855 949 1885 1.
978 1864 1030 1897 39.
1059 1866 1088 1886 c.
1109 1854 1162 1886 16.
1187 1859 1326 1887 vaticinos
1342 1856 1429 1886 libros
1460 1857 1662 1896 conquirerent.

347 1898 405 1939 (3)
430 1899 470 1936 Is,
491 1898 567 1929 teste
585 1898 764 1933 Macrobio
781 1898 804 1930 l.
826 1909 857 1931 1.
882 1901 950 1932 Sat.
974 1910 1002 1932 c.
1024 1910 1075 1937 17.
1101 1902 1192 1942 quod
1209 1912 1248 1933 eu
1271 1901 1427 1941 suadente
1442 1899 1513 1933 ludi
1535 1899 1668 1941 Apolli·

341 1942 444 1975 'nares
473 1953 511 1976 ex
538 1943 633 1975 libris
654 1943 823 1987 Sibyllinis
855 1943 930 1976 sunt
949 1944 1099 1981 instituti,
1126 1947 1239 1989 Sibylla
1261 1946 1511 1989 cognominatus
1542 1944 1606 1984 est3
1625 1945 1665 1987 ¹&

349 1988 458 2032 postea
491 1996 653 2030 corrupto
676 1988 811 2021 nomine
836 1991 917 2032 Sylla
939 1991 1037 2033 ccepit
1055 1990 1207 2026 vocitari,
1255 1993 1308 2032 (4¹
1335 1990 1486 2023 Alterius
1512 1989 1665 2022 carminis

349 2033 420 2076 post
437 2044 506 2065 rem
520 2034 627 2066 aetam
644 2033 722 2066 editi
740 2035 934 2074 auctoritas,
955 2046 1053 2076 quam
1071 2044 1176 2068 ratam
1190 2039 1312 2069 fecerat
1330 2037 1361 2067 ὃς
1386 2035 1664 2078 comprobaverat

349 2086 496 2111 eventus.
547 2081 617 2111 Cum
639 2087 704 2112 rato
736 2087 848 2119 eventu,
871 2081 924 2120 est,
947 2092 1021 2114 cum
1045 2089 1167 2114 eventu
1198 2090 1413 2125 congruente,
1434 2092 1525 2113 vero.
1573 2082 1668 2119 Etim,

350 2124 406 2163 est,
427 2125 583 2168 evulgati,
603 2125 638 2156 in
668 2126 774 2158 lucem
791 2126 902 2160 etnissi.
949 2128 996 2158 lta
1012 2127 1110 2168 supra
1134 2128 1154 2158 1.
1174 2137 1202 2167 3.
1218 2139 1246 2161 c.
1266 2137 1321 2167 34.
1347 2141 1467 2160 rumores
1480 2128 1620 2160 hominum
1635 2129 1666 2158 de

294 2176 297 2179 ’
349 2184 503 2213 unoquoque
516 2173 607 2213 legum
624 2173 717 2214 capite
731 2174 814 2204 edito.
839 2171 901 2203 hoc
915 2171 974 2204 lib.
992 2183 1020 2205 c.
1035 2181 1066 2216 9ss
1080 2174 1116 2214 se
1140 2176 1168 2204 ίη
1194 2181 1315 2216 tempore
1330 2176 1480 2208 editurum.
1501 2185 1560 2215 quae
1582 2174 1667 2204 vellet

349 2218 408 2259 agi.
454 2217 561 2248 Porro
575 2221 641 2247 aaa
668 2230 710 2248 res
739 2216 837 2258 supi-31
861 2216 880 2247 l.
900 2227 949 2249 21.
966 2228 993 2249 c.
1011 2217 1065 2249 28.
1089 2217 1176 2249 infra
1194 2219 1216 2252 l.
1238 2218 1291 2251 26.
1307 2229 1334 2250 c.
1354 2228 1404 2258 ¹5.
1422 2221 1426 2223 “
1447 2219 1664 2260 (5«)·Οειτιηεη

351 2261 415 2295 hoc
441 2260 652 2293 Marcianum
681 2261 714 2292 in
731 2261 843 2294 versus
866 2263 1071 2296 hexametros
1087 2262 1212 2306 digeffit
1232 2264 1402 2301 Alciatus;
1419 2272 1457 2296 ut
1474 2264 1506 2294 δι
1523 2263 1665 2295 alterum

353 2317 484 2338 carmen
502 2314 609 2338 metro
625 2306 792 2339 restituere
809 2315 946 2340 conatus
961 2308 1006 2340 est
1030 2307 1182 2351 Scaliger.
1233 2309 1317 2354 Qis
1334 2309 1370 2341 fit
1387 2309 1443 2342 iste
1459 2308 1564 2340 amnis
1579 2310 1669 2341 Can-

352 2362 406 2389 na,
429 2363 546 2394 parum
558 2351 673 2393 liquet.
719 2352 788 2384 Alii
805 2352 965 2385 Aufidum
981 2353 1087 2396 ipsum
1103 2354 1165 2386 effe
1181 2355 1321 2393 volunt;
1344 2352 1398 2387 alii
1415 2354 1559 2396 aliquem
1573 2352 1666 2395 igno-

351 2396 451 2428 bilem
465 2397 622 2436 rivulum,
644 2396 700 2440 qui
725 2399 856 2430 Cannas
873 2398 1081 2441 praeterfluat.
1129 2399 1186 2441 (6)
1202 2400 1378 2433 Diomedes
1401 2399 1471 2442 post
1486 2399 1628 2431 reditum
1647 2410 1665 2429 a

351 2442 466 2483 Trojff,
490 2442 586 2485 Argis
600 2445 770 2486 profugus,
780 2443 813 2475 in
826 2443 983 2486 Apuliam
996 2445 1037 2476 ad
1048 2446 1207 2488 Japygem
1220 2447 1376 2478 Daunum
1393 2452 1540 2482 venerat,
1554 2443 1666 2486 ibique

354 2487 515 2528 oppidum
539 2492 650 2530 Arpos
666 2488 869 2521 condiderat.
915 2489 1020 2523 Hinc„
1030 2489 1138 2530 campi
1164 2489 1212 2522 isti
1240 2492 1282 2523 ab
1299 2502 1338 2527 eo
1362 2501 1483 2523 nomen
1500 2490 1663 2521 tulerunt.

355 2532 482 2563 Videsss
496 2534 612 2577 Heyne
627 2536 702 2565 Exc.
720 2544 748 2566 ι.
766 2536 819 2567 ad.
834 2535 856 2566 l.
874 2545 924 2568 ιι.
946 2537 1023 2567 AEn.
1067 2536 1127 2577 (7)
1145 2536 1290 2578 Antique
1310 2537 1431 2580 profit.
1483 2534 1556 2566 Tros
1573 2535 1667 2566 Rutu-

352 2579 508 2618 lusvefaat
525 2580 613 2619 apud
626 2578 718 2621 Virg.
768 2579 824 2622 (8)
848 2580 940 2612 Nihil
963 2591 1161 2622 magnopere
1181 2583 1373 2623 perplexum
1389 2580 1534 2613 occurrit
1562 2579 1595 2611 in
1621 2581 1668 2612 se-

355 2622 469 2662 quenti
486 2623 642 2662 carmine,
664 2624 761 2664 quale
778 2636 795 2656 a
813 2625 912 2657 Livio
933 2626 1052 2657 editur.
1097 2626 1159 2656 Sed
1189 2626 1210 2658 si
1239 2623 1309 2657 hcc'c
1335 2629 1450 2657 Graeco
1472 2626 1621 2657 sermone
1646 2637 1666 2657 a

355 2667 488 2700 Marcio
514 2668 636 2710 scripta
660 2671 805 2707 fueraut,
828 2671 938 2702 forsan
968 2671 1066 2713 hujus
1096 2670 1228 2704 secundi
1257 2667 1411 2704 carminis
1433 2673 1548 2703 Graeca
1563 2671 1665 2702 verba

1541 2715 1667 2758 aliquid
