1840 3094
126 212 208 264 164

778 214 831 258 T.
879 215 1094 260 L1V11

346 331 498 371 malum
524 332 562 373 51
584 330 815 386 improbum
839 349 912 389 pro
935 335 972 376 se
990 334 1159 389 quisque
1182 335 1370 383 clamare,
1395 334 1432 374 8<
1458 326 1654 387 supplicio

346 390 531 444 dignum.
590 390 702 430 Tum
724 391 940 443 Pacuvius,
977 393 1104 444 Video,
1135 409 1213 447 quae
1244 393 1286 433 dc
1315 391 1378 432 hoc
1397 391 1584 445 stntentia
1596 387 1655 443 stt

346 447 436 487 dala
453 451 529 501 (5).
591 448 735 502 Eligite
752 458 821 502 pro
843 453 941 492 malo
961 461 1071 506 atque
1102 452 1260 506 improbo
1287 451 1418 490 bonum
1443 449 1652 504 fi’natorcm

351 506 463 560 &ju
494 521 566 546 um.
628 505 768 547 Primo
793 508 992 550 silentium
1015 520 1100 550 erat
1129 509 1262 564 inopifi
1286 507 1455 563 potioris
1491 505 1656 562 subjici-

347 564 476 612 undi;
509 564 671 613 deinde,
700 580 827 619 quum
865 566 1027 622 aliquis,
1059 568 1200 608 omissa
1220 565 1481 616 verecundia,
1510 577 1655 618 quern-

348 622 456 676 piam
479 622 732 675 nominasset,
754 625 883 665 multo
901 627 1031 681 major
1043 626 1248 680 extemplo
1261 626 1414 665 clamor
1433 621 1657 677 oriebatur,

348 694 475 734 quum
499 680 564 719 alii
587 691 780 735 negarent
801 683 907 723 noffe
926 700 937 732 3
971 684 1037 723 alii
1060 698 1168 724 nunc
1192 683 1352 738 probra,
1390 695 1499 721 nunc
1520 679 1658 720 humi-

349 739 507 778 litatem
548 737 832 794 sordidamque
873 741 1071 796 inopiam,
1135 745 1173 783 &
1216 741 1419 795 pudcndae
1453 737 1549 778 artis
1584 746 1655 780 aut

351 794 528 850 quaestus
574 810 720 852 genus,
758 797 994 854 objicerent.
1057 800 1151 840 Hoc
1182 800 1313 839 multo
1352 797 1482 853 magis
1518 796 1559 836 in
1596 794 1656 835 se-

350 854 487 895 cundo
505 868 550 895 ac
580 855 699 896 tertio
721 856 844 897 citato
867 856 1048 898 senatore
1078 858 1135 898 est
1166 857 1350 898 faClum:
1382 866 1427 896 ut
1456 856 1517 910 (6)
1535 852 1657 908 ipfius

351 913 550 967 poenitere
571 912 758 955 homines
773 926 1012 968 appareret;
1044 930 1167 969 quern
1183 925 1319 955 autem
1342 914 1383 954 in
1405 914 1492 969 ejus
1515 910 1658 952 substi-

351 979 513 1010 tuerent
535 971 687 1019 locum,
719 972 873 1013 deeffe:
907 974 1001 1027 quia
1028 987 1102 1014 nec
1124 974 1286 1014 eosdem
1308 971 1511 1014 nominari
1539 975 1565 1023 †
1599 978 1659 1009 at-

351 1028 522 1079 tinebat,
554 1035 578 1081 †
612 1028 714 1069 nihil
747 1030 856 1070 aliud
873 1031 997 1084 quam
1030 1032 1081 1072 ad
1113 1031 1315 1072 audienda
1346 1029 1493 1085 probra
1528 1026 1661 1068 nomi-

350 1095 483 1136 natos,
517 1088 556 1127 &
595 1088 727 1128 multo
759 1087 997 1131 humiliores
1026 1088 1357 1143 obscurioresque
1389 1087 1513 1129 ceteri
1545 1094 1659 1126 erant

351 1144 424 1193 eis,
461 1144 532 1198 qui
574 1144 696 1198 primi
739 1147 948 1187 memoriae
980 1146 1264 1188 occurrebant.
1323 1146 1385 1186 Ita
1426 1143 1549 1186 dilabi
1585 1142 1660 1183 ho-

352 1202 502 1254 mines,
544 1202 792 1243 notiffimum
826 1205 1019 1258 quodque
1053 1206 1208 1244 malum
1241 1202 1418 1244 maxime
1453 1201 1660 1243 tolerabile

353 1260 534 1301 dicentes
554 1260 647 1310 effe,
673 1260 942 1316 jubentesque
965 1262 1148 1303 senatum
1161 1276 1210 1302 ex
1232 1262 1415 1303 custodia
1434 1259 1599 1302 dimitti.
1645 1311 1647 1315 Α

407 1318 484 1358 IV.
546 1318 641 1360 Hoc
680 1320 805 1360 modo
842 1320 1041 1361 Pacuvius
1077 1334 1208 1374 quum
1242 1325 1268 1374 †
1311 1319 1536 1360 obnoxium
1566 1317 1661 1358 vitae

354 1375 554 1417 beneficio
585 1376 768 1417 senatum
801 1378 940 1418 multo.
961 1378 1029 1419 fibi
1065 1378 1211 1434 magis,
1261 1377 1387 1432 quam
1427 1376 1552 1432 plebi,
1600 1374 1661 1416 fe-

356 1434 484 1485 cisset,
517 1435 595 1476 fine
624 1435 761 1484 armis,
807 1437 894 1491 jam
938 1435 1131 1477 omnibus
1163 1434 1500 1485 concedentibus,
1529 1433 1662 1474 domi-

355 1491 542 1533 nabatur.
604 1493 715 1533 Hinc
734 1493 955 1544 senatores,
985 1493 1125 1534 omiss‘a
1144 1493 1353 1550 dignitatis
1387 1491 1662 1546 libertatisque

354 1552 569 1602 memoria,
599 1553 661 1605 (1)
697 1551 857 1605 plebem
892 1552 1064 1601 adulari,
1107 1551 1292 1601 salutare,
1332 1550 1508 1606 benigne
1559 1548 1664 1589 invi-

355 1617 455 1658 tare,
487 1611 549 1663 (2)
571 1608 772 1662 apparatis
813 1609 994 1663 accipere
1015 1609 1164 1664 epulis,
1194 1623 1261 1650 eas
1283 1608 1422 1650 causas
1446 1607 1662 1662 suscipere,

355 1666 394 1707 ei
416 1666 571 1721 semper
591 1666 694 1720 parti
717 1667 860 1716 adess'e,
892 1669 954 1722 (3)
986 1665 1211 1708 secundum
1235 1680 1341 1717 eam,
1372 1667 1486 1708 litem
1502 1665 1663 1722 judices

357 1724 470 1775 dare,
501 1738 592 1777 quae
627 1725 755 1778 magis
790 1725 995 1779 popularis
1030 1725 1241 1780 aptiorque
1277 1725 1320 1765 in
1354 1725 1502 1780 vulgus
1532 1723 1663 1764 favori

358 1782 613 1824 conciliando
634 1783 741 1823 ess'et.
801 1783 894 1836 Jam
916 1797 1010 1824 vero
1031 1782 1132 1824 nihil
1151 1783 1194 1824 in
1211 1783 1348 1824 senatu
1371 1783 1511 1825 aetum
1531 1781 1661 1850 aliter,

1536 1852 1661 1895 quam

359 1977 415 2018 (5)
435 1978 519 2007 Da'e
535 1979 705 2018 fintcntiam
731 1975 829 2017 supra
855 1975 898 2008 est
930 1977 952 2007 l.
979 1976 1010 2008 8.
1039 1986 1070 2009 c.
1095 1983 1147 2009 20.
1170 1989 1234 2008 mcae
1248 1983 1346 2018 partes
1372 1976 1552 2017 exquirenda
1569 1978 1666 2016 magis

349 2025 514 2064 sententiav,
534 2022 615 2063 quam
633 2025 734 2054 danda:
755 2024 834 2064 sunt.
869 2021 924 2063 (6)
948 2022 1066 2064 Ipsum,
1088 2032 1204 2064 nempe
1228 2022 1366 2054 citatum
1388 2021 1582 2059 senatorem,
1603 2020 1666 2052 dis·

361 2067 484 2110 plicere
496 2066 692 2098 hominibus.

410 2113 447 2143 C.
468 2122 499 2150 4.
547 2112 602 2151 (1)
628 2111 794 2153 Antiquos
806 2113 921 2142 adulari
950 2107 1057 2151 potitis
1074 2119 1149 2142 cum
1181 2111 1255 2143 casu
1288 2118 1418 2153 quarto,
1440 2112 1540 2152 quam
1557 2108 1669 2149 tertio,

363 2155 583 2194 construxisse,
605 2157 717 2188 docuit
736 2156 902 2201 Qintstil.
920 2156 944 2187 l.
961 2165 990 2196 9.
1010 2153 1080 2186 lnst.
1093 2167 1122 2188 c.
1144 2166 1176 2196 3.
1225 2157 1404 2198 Utriusque
1417 2155 1667 2188 construtstionis

363 2202 512 2243 exempla
529 2203 616 2244 apud
633 2202 764 2233 Livium
782 2210 974 2233 occurrunt.
1020 2201 1180 2232 nativum
1204 2202 1280 2234 huic
1312 2202 1416 2234 verbo
1444 2201 1551 2243 junxit
1579 2199 1668 2232 infra

365 2248 388 2280 1,
411 2250 465 2286 36.
493 2258 521 2279 c.
536 2257 564 2285 7.
586 2249 770 2288 praefintibus
786 2249 923 2278 adulando
937 2249 1063 2287 simper.
1112 2247 1347 2278 Accusativum
1365 2247 1386 2279 l.
1403 2257 1455 2286 45.
1479 2256 1507 2278 c.
1525 2255 1578 2286 3¹·
1599 2247 1670 2276 adu-

364 2296 446 2324 lamlo
473 2300 522 2322 aut
548 2294 704 2322 Romanum
731 2295 888 2334 imperium,
910 2299 960 2322 ant
976 2294 1131 2322 amicitiam
1148 2305 1252 2334 regum.
1302 2293 1359 2333 (2)
1382 2295 1547 2334 Apparalis
1569 2293 1671 2332 epulis,

366 2346 402 2370 ut
419 2338 505 2369 infra
521 2337 545 2366 l.
562 2347 615 2376 33.
641 2348 670 2368 c.
689 2337 743 2375 48.
772 2338 803 2368 &
819 2346 966 2380 apparata
992 2340 1125 2367 convivia
1155 2337 1176 2367 l.
1194 2347 1246 2375 24.
1271 2348 1297 2370 c.
1319 2337 1370 2369 16.
1419 2339 1466 2368 lta
1493 2338 1551 2367 ludi
1576 2343 1667 2378 appa-

367 2387 486 2414 ratiores
499 2381 583 2413 infra
601 2382 619 2412 1.
644 2393 696 2419 44.
722 2393 752 2414 c.
769 2393 803 2424 9.
848 2383 904 2423 (3)
929 2382 964 2413 h.
982 2392 1009 2412 c.
1021 2383 1170 2422 ficundhm
1186 2395 1246 2413 eam
1258 2389 1381 2425 purtem,
1406 2382 1542 2423 fijudices
1555 2379 1666 2418 efl'cnt.

367 2431 443 2459 litem
459 2430 536 2458 darc.
558 2427 651 2468 (Vid.
666 2429 685 2466 †
705 2430 855 2469 participii
882 2429 970 2469 tfits.)
1016 2429 1111 2457 Lirem
1134 2431 1203 2458 dan
1217 2428 1368 2469 fecumdbm
1396 2429 1526 2468 aliquem,
1551 2424 1594 2456 est
1617 2425 1666 2458 ἱΙΙί

367 2472 495 2503 causam
524 2472 686 2509 addicere,
708 2472 754 2503 ita
771 2472 964 2504 sententiam
993 2471 1222 2514 pronunciare,
1245 2480 1281 2503 nt
1308 2471 1334 2502 is
1363 2472 1491 2503 causam
1507 2469 1668 2503 obtineat.

368 2520 412 2548 A.
429 2516 510 2547 Geu-
527 2517 549 2548 l.
567 2527 596 2554 5-
619 2528 649 2550 c.
666 2527 715 2548 10.
729 2518 759 2561 fi
784 2525 878 2548 contra
906 2525 932 2548 tc
959 2519 993 2548 lis
1021 2521 1090 2548 data
1104 2521 1160 2548 erit
1178 2539 1187 2549 .
1203 2540 1211 2548 .
1228 2519 1291 2560 .stn
1307 2519 1375 2548 vero*
1388 2517 1537 2560 ficundfim
1552 2519 1667 2558 tejudt'·

367 2569 458 2593 catum
485 2564 539 2590 erit
560 2562 620 2592 &a
670 2562 736 2594 Cic.
757 2573 817 2604 pro
834 2563 926 2593 Rosc.
945 2573 972 2593 c.
1004 2573 1029 2593 ι.
1051 2575 1103 2603 quo
1118 2565 1207 2593 minus
1222 2563 1371 2604 ficundbm
1387 2575 1433 2592 eas
1448 2564 1486 2592 lis
1500 2564 1591 2599 detur,
1612 2575 1665 2592 non

369 2609 533 2648 recffamus.
581 2607 776 2643 Crevit-rius,
803 2606 1070 2648 interpundione
1081 2606 1219 2645 mutati,
1240 2607 1317 2649 legit
1333 2607 1484 2648 ficundssm
1506 2618 1566 2637 eant
1586 2608 1666 2637 litem

357 2654 571 2694 judicumve,-
599 2652 924 2692 interpretaturque:
950 2652 1085 2689 dabant,
1106 2651 1306 2694 assignabant
1329 2650 1451 2693 judices
1475 2661 1598 2692 pronos
1623 2652 1665 2683 ad

369 2696 545 2729 favendum
559 2696 587 2728 ci
605 2696 771 2740 litigatori,
793 2697 850 2739 qui
868 2697 967 2740 magis
984 2703 1135 2739 acceptus
1153 2698 1278 2741 populo
1290 2696 1378 2730 esset.
1420 2695 1501 2729 Vict.
1519 2697 1669 2738 fjudicem

1566 2743 1666 2782 [ει-νε.
