1834 3099
864 216 916 259 T.
981 217 1203 260 LIVII

373 345 467 375 rum
501 332 621 374 amici
657 333 902 389 cognatique
921 334 1057 375 literas
1079 349 1125 376 ac
1147 334 1320 376 nuncios
1357 335 1408 376 ad
1436 333 1692 377 Hannonem

374 392 731 447 Magnon'emque,
763 394 833 446 qui
870 394 912 433 in
934 394 1165 449 propinquo
1187 394 1227 433 in
1260 393 1431 434 Bruttiis
1452 403 1582 443 erant,
1613 394 1690 433 mi-

377 449 516 491 serunt
522 450 592 506 ,st
609 452 810 491 exercitum
841 453 894 492 ad
922 455 1056 493 moenia
1088 453 1343 508 admovff’nt,
1362 452 1443 511 se
1429 467 1469 492 m
1482 461 1566 506 pote
1596 460 1691 491 atem

375 525 500 549 eorum
541 511 669 550 mbem
710 511 918 551 tradituros
958 512 1032 568 ff
1095 511 1157 551 M.
1195 511 1362 551 Atinius
1389 510 1560 551 Thuriis
1593 523 1690 550 cum

376 569 541 609 modico
564 569 747 622 praefidio
769 579 952 624 praeerat.
985 583 1109 624 quem
1146 568 1267 611 facile
1297 568 1389 610 elici
1411 570 1462 610 ad
1483 579 1693 610 certamen

375 636 529 667 temere
572 628 797 667 ineundum
834 628 1029 669 rebantur
1089 629 1226 682 posse;
1260 642 1344 668 non
1383 630 1446 682 (4)
1497 624 1693 676 militum,

376 700 479 739 quos
501 700 726 740 perpaucos
747 686 937 736 habebat,
969 687 1134 735 fiducia,
1166 688 1290 741 quam
1323 686 1554 744 juventutis
1573 684 1693 725 Thu-

374 745 488 786 rinae.
522 759 612 784 eam
643 759 693 784 ex
724 745 918 785 industria
940 750 963 797 ,ἶ
985 746 1282 786 centuriaverat
1312 754 1620 799 armaveratque
1642 745 1694 785 ad

375 804 475 843 tales
498 803 626 844 casus.
688 803 838 844 Divisis
861 805 988 859 copiis
1026 805 1130 844 inter
1162 804 1216 855 se,
1250 805 1374 844 duces
1407 803 1542 843 Poeni·
1563 816 1695 857 quum

375 871 520 917 agrum
551 861 789 902 shurinum
827 862 985 918 ingr-effi
1007 864 1145 912 essent,
1179 863 1333 902 Hanno
1375 876 1471 902 cum
1506 862 1693 917 peditum

376 921 540 986 agmine
582 920 737 960 infestis
770 921 919 975 signis
911 935 967 961 ire
990 923 1039 961 ad
1073 921 1215 962 urbem
1239 922 1382 976 pergit.
1446 921 1576 976 Mago
1597 933 1693 962 cum

375 979 577 1034 equitatu,
609 979 745 1019 teitus
781 979 968 1029 collibus,
1019 982 1069 1020 ad
1107 982 1300 1035 tegendas
1342 980 1503 1020 insidias
1537 975 1696 1044 oppofi-

375 1037 428 1078 tis
461 1040 539 1092 (5),
573 1037 753 1078 subfistit.
818 1038 1000 1087 Atinius,
1032 1039 1217 1092 pediturn
1260 1041 1419 1079 tantum
1444 1037 1605 1092 agmine
1622 1050 1694 1093 per

375 1097 655 1150 exploratores
670 1107 896 1150 comperto,
920 1096 970 1135 in
988 1098 1116 1136 aciem
1139 1097 1276 1151 copias
1297 1097 1450 1145 educit,
1477 1098 1514 1137 Sc
1539 1095 1696 1137 fraudis

377 1154 594 1202 intestinae‚
621 1157 658 1194 8<
677 1154 856 1194 hostium
878 1155 1110 1195 insidiarum
1132 1156 1309 1210 ignarus.
1370 1154 1561 1195 Pedestre
1583 1168 1696 1209 proe-

378 1213 483 1252 lium
518 1212 598 1252 fuit
640 1213 848 1267 persegne,
880 1214 1020 1268 paucis
1055 1214 1107 1253 in‘
1129 1215 1261 1267 prima
1293 1213 1379 1254 acie
1415 1213 1694 1268 pugnantibus

378 1271 612 1320 Romanis;
642 1271 844 1311 Thurinis
884 1271 1214 1326 exspeelantibus
1246 1273 1390 1328 magis,
1422 1271 1548 1326 quam
1579 1272 1698 1327 adju-

376 1330 584 1382 vantibus,
616 1341 809 1370 eventum
829 1346 838 1370 :
874 1333 911 1371 &
936 1331 1337 1386 Karthaginiensium
1360 1330 1466 1371 acies
1487 1331 1538 1371 de
1560 1329 1698 1370 indus-

378 1388 455 1428 tria
476 1390 621 1442 pedem
644 1388 860 1437 referebat,
893 1398 938 1428 ut
975 1389 1025 1429 ad
1067 1400 1179 1444 terga
1221 1390 1335 1430 collis
1364 1388 1414 1429 ab
1449 1389 1587 1443 equite
1624 1387 1696 1429 suo

379 1446 508 1487 inseffi
548 1447 718 1487 hostem·
738 1448 951 1487 incautum
983 1448 1248 1502 pertraheret.
1310 1445 1411 1504 Qo
1433 1447 1504 1488 ubi
1524 1457 1696 1488 ventum

379 1505 452 1554 est,
485 1505 614 1546 coorti
635 1520 730 1545 cum
749 1507 926 1546 clamore
947 1506 1121 1560 equites,
1153 1520 1324 1562 propere
1347 1508 1408 1561 (6)
1443 1506 1696 1547 inconditam

352 1563 663 1604 ”Thurinorum
682 1564 857 1613 turbam,
889 1578 964 1604 nec
987 1565 1079 1605 satis
1094 1564 1177 1605 fido
1195 1565 1347 1614 animo,
1379 1566 1444 1619 (7)
1468 1564 1576 1605 unde
1594 1579 1698 1620 pug-

352 1621 517 1671 nabat,
549 1622 737 1671 stantem,
769 1624 975 1677 extemplo
996 1623 1037 1662 in
1055 1623 1195 1677 sutram
1227 1633 1473 1664 averterunt.
1537 1623 1698 1664 Roma-

380 1681 441 1730 ni,
474 1695 708 1735 quanquam
730 1681 1033 1722 circumventos
1049 1681 1145 1722 hinc
1163 1683 1302 1736 pedes,
1333 1681 1430 1722 hinc
1465 1695 1591 1735 eques
1627 1696 1696 1722 ur·-

379 1739 514 1794 gebat,
562 1750 698 1779 tamen
717 1739 968 1794 aliquamdiu
1003 1755 1184 1794 pugnam
1219 1751 1390 1781 traxere.
1412 1738 1629 1799 postremo
1654 1742 1694 1781 δε

363 1798 450 1852 *ipfi
474 1808 587 1852 terga
608 1808 787 1847 vertunt,
820 1809 941 1852 atque
973 1799 1023 1837 ad
1061 1799 1203 1838 urbem
1237 1798 1416 1854 fugiunt.
1477 1798 1539 1838 Ibi
1561 1799 1699 1852 prodi-

379 1866 487 1896 tores
529 1857 798 1910 conglobati,
820 1870 949 1910 quum
985 1857 1243 1910 popularium
1279 1871 1427 1911 agmen
1463 1856 1697 1911 patentibus

380 1915 507 1968 portis
530 1915 783 1968 accepissent,
816 1915 884 1954 ubi
918 1915 1132 1955 Romanos
1152 1915 1262 1955 fusos
1284 1916 1333 1955 ad
1356 1915 1497 1955 urbem
1521 1914 1618 1956 ferri
1639 1915 1700 1954 vi-

381 1973 545 2023 derunt,
578 1974 851 2022 conclamant,
881 1973 1015 2028 instare
1051 1974 1228 2025 Poenum,
1254 1973 1525 2029 permixtqqu
1556 1975 1618 2027 (8)
1643 1974 1698 2016 ξδ’

381 2031 489 2083 hostes
511 2033 637 2071 urbem
657 2033 867 2086 inwficros,
900 2033 939 2070 ni
953 2042 1107 2085 propere
1130 2040 1264 2084 portas
1293 2032 1484 2075 claudant.
1545 2032 1605 2072 Ita
1627 2046 1698 2073 ex-

381 2090 514 2129 clusos
556 2090 770 2130 Romanos
821 2089 1030 2144 praebuere
1062 2090 1167 2130 hosti
1203 2091 1254 2130 ad
1297 2092 1465 2133 caedem.
1532 2090 1698 2132 AtInius

381 2159 518 2188 tamen
541 2163 635 2188 curn
655 2149 794 2202 paucis
812 2158 1012 2202 receptus.
1077 2148 1233 2188 Seditio
1248 2149 1341 2189 inde
1363 2148 1581 2203 paullisper
1595 2154 1618 2201 †
1639 2158 1699 2189 te-

381 2207 507 2254 nnit3
541 2221 693 2260 quum
683 2207 749 2246 alii
771 2207 913 2246 urbem
932 2207 1127 2246 tuendam
1150 2210 1228 2262 (9),
1261 2207 1354 2247 inde
1377 2207 1444 2247 alii
1465 2208 1698 2251 cedendum

382 2236 576 2318 somniate,
609 2268 650 2306 ἃ
668 2266 908 2324 tradendam
926 2264 1069 2305 urbem
1091 2265 1316 2307 vicloribus
1333 2265 1556 2307 censerent.
1589 2275 1699 2306 cete-

1586 2338 1698 2376 rum,

383 2440 580 2473 insi-3148.
607 2443 825 2473 c.1.indt'd.·m
854 2455 888 2472 ex
906 2442 1087 2472 Aventinal.
1107 2451 1160 2483 39.
1180 2453 1207 2474 c.
1235 2451 1284 2474 12.
1330 2441 1387 2483 (4)
1403 2441 1435 2473 h.
1454 2451 1482 2474 e.
1506 2452 1572 2473 non
1591 2443 1610 2481 †
1633 2448 1698 2473 tam

382 2486 533 2517 militum.
585 2487 640 2526 (5)
660 2488 748 2520 Infra]
766 2488 784 2517 l.
803 2497 857 2528 29.
875 2498 901 2518 c.
932 2496 994 2526 34.
1007 2475 1158 2529 tegenti-bus
1189 2489 1315 2525 tumulis,
1336 2491 1384 2530 qui
1403 2488 1608 2530 peropportune³
1621 2491 1699 2518 cr'rca

382 2532 548 2573 viaeflcxus
576 2533 689 2575 ojlpytti
704 2540 794 2569 erant,
816 2535 934 2563 otcultus
955 2534 1093 2576 [ὶνοι-ςβεῐ.
1139 2532 1195 2573 (6)
1220 2532 1367 2564 Omnino
1382 2533 1462 2574 lege,
1478 2543 1551 2563 cum
1568 2532 1699 2574 scripti·

383 2577 592 2616 quibusdam,
609 2577 698 2618 prosi
714 2580 891 2608 inconditam.
941 2579 1017 2609 Non
1050 2577 1136 2609 enim
1155 2580 1261 2612 ἁτλως
1279 2581 1416 2609 incondita
1445 2586 1515 2608 erat
1530 2577 1700 2609 Thurino-

383 2631 458 2652 rum
487 2621 595 2658 turba,
633 2632 727 2662 qnos,
752 2630 788 2654 ut
806 2623 903 2663 supra
919 2622 1053 2660 dicitur,
1075 2623 1211 2654 Atinius
1235 2623 1478 2654 centuriaverat
1499 2630 1700 2654 armaverat-

382 2676 459 2707 que.
506 2668 562 2706 (7)
578 2666 634 2702 135.
650 2667 714 2707 qnfi
732 2669 911 2709 pugnabat,
927 2676 1033 2709 parte.
1081 2668 1138 2708 (8)
1156 2669 1338 2700 Permixtos
1354 2678 1473 2710 nempe
1488 2679 1563 2700 cum
1581 2669 1703 2698 Roma-

383 2711 444 2744 nis.
465 2712 521 2752 (9)
536 2713 640 2743 Voces
658 2714 713 2743 ulii
730 2714 823 2743 urbem
839 2717 967 2745 tuendam
983 2712 1137 2755 ignorant
1161 2723 1275 2745 omncs
1294 2712 1406 2756 scripti
1424 2725 1432 2746 ε
1460 2715 1490 2745 ὃ(
1505 2713 1579 2746 satis
1593 2713 1703 2744 forsan

1561 2757 1699 2801 intelligi
