1834 3099
345 173 381 215 L
398 174 417 215 1
433 174 467 216 B
484 174 518 216 E
536 174 577 216 R
608 174 770 216 XXVI.
804 174 840 216 C
861 175 898 214 A
915 171 962 214 P.
996 147 1221 215 XLVIII.¹

110 290 294 344 perinde,
326 307 371 333 ac
395 293 420 333 s1
443 293 646 334 sociorum
670 291 786 332 liberi
816 291 956 341 effent‚
989 306 1085 331 cura
1107 290 1258 331 habita.
1321 291 1431 346 Cap-

110 358 176 389 tus
197 353 235 390 &
255 361 472 405 apparatus
486 351 630 404 ingens
646 351 765 392 belli:
801 355 816 400 ΙΙ
837 351 1054 403 catapultae
1077 350 1267 390 maximae
1284 348 1430 391 formae

110 420 278 448 centum
299 409 460 465 viginti,
491 411 670 450 minores
692 411 880 450 ducentae
901 408 1112 464 octoginta
1129 410 1166 449 &
1193 423 1292 449 una:
1317 409 1430 459 ubal-

110 466 210 507 listae
242 469 416 524 majores
453 469 597 523 viginti
632 479 728 517 tres,
760 467 940 508 minores
981 467 1279 522 quinquaginta
1311 469 1428 509 duae:

111 529 127 575 Η
150 524 409 580 scorpionum
441 530 644 584 majorum
679 527 988 579 minorumque,
1024 529 1060 567 Sc
1081 540 1290 566 armorum
1327 527 1430 566 telo-

107 597 280 638 umque,
312 586 455 641 ingens
472 600 696 627 numerus:
728 586 837 641 signa
854 584 1043 626 militaria
1059 584 1312 640 septuaginta
1330 599 1429 638 qua—

106 653 214 684 tuor.
279 644 332 686 Et
351 645 438 685 auri
461 645 700 701 argentique
733 645 858 684 relata
887 645 937 684 ad
969 643 1258 697 imperatorem
1281 657 1430 698 magna

106 700 195 741 vis:
226 712 376 756 paterae
411 718 544 744 aureae
575 703 744 743 suerunt
779 704 967 743 ducentae
991 701 1246 756 septuaginta
1267 701 1348 751 sex,
1381 702 1430 741 li·-

106 758 199 801 bras
233 760 362 801 ferme
396 763 760 816 omnes†pondo:
793 761 950 817 argenti
973 764 1036 816 (2)
1068 760 1168 801 faeti
1204 760 1429 816 signatique

107 819 250 859 decem
277 822 315 860 &
333 820 431 861 0810
455 822 578 861 millia
606 823 643 862 8<
667 830 848 862 trecenta
870 821 1008 874 pondo
1028 835 1037 859 :
1067 819 1254 859 vasorum
1286 834 1430 875 argen-

106 887 270 918 teorum
308 893 481 935 magnus
523 894 734 922 numerus.
813 879 916 920 Haec
958 878 1098 919 omnia
1140 878 1188 919 C.
1226 878 1429 918 Flaminio

107 937 298 990 quaestori
332 938 504 993 appensa
541 949 891 993 annumerataque
934 937 1039 978 sunt.
1080 936 1205 977 tritici
1255 938 1429 991 quadra·

106 995 219 1049 ginta
241 995 367 1036 millia
390 995 604 1046 modisim3
637 997 781 1038 hordei
813 999 989 1038 ducenta
1012 995 1280 1051 septuaginta.
1344 996 1431 1036 Na-

106 1066 178 1094 ves
199 1055 396 1095 onerariae
419 1056 625 1112 sexaginta
647 1066 728 1097 tres
745 1057 785 1096 in
803 1067 924 1110 portu
940 1064 1186 1111 expugnatae
1203 1064 1430 1109 captaeque:

106 1114 296 1166 quaedam
319 1128 414 1154 cum
450 1115 529 1156 suis
551 1115 761 1168 oneribus,
793 1116 1023 1166 frumento,
1054 1113 1192 1163 armis,
1226 1128 1303 1154 aere
1327 1128 1431 1168 prae*

106 1181 230 1216 terea,
263 1172 472 1228 ferroque,
509 1176 549 1215 δε
586 1174 738 1225 linteis,
794 1177 833 1215 ἃ
861 1180 875 1225 ΙΙ
903 1173 1053 1228 sparto,
1102 1174 1140 1213 &
1185 1172 1317 1212 navali
1353 1172 1431 1215 alii

107 1230 276 1271 materia
302 1233 352 1272 ad
370 1233 532 1273 classem
554 1232 838 1273 aedificandam
859 1248 868 1273 :
901 1243 946 1272 ut
982 1230 1201 1271 minimum
1225 1230 1432 1282 omnium,

106 1289 214 1329 inter
235 1300 367 1332 tantas
387 1306 486 1345 opes
507 1291 603 1332 belli
623 1303 777 1346 captas,
810 1291 1023 1346 Karthago
1046 1290 1128 1344 ipsa
1145 1289 1284 1333 fuerit.

165 1348 365 1390 XLVIII.
400 1350 460 1390 Eo
493 1351 558 1392 die
580 1350 735 1405 Scipio,
768 1350 817 1392 C.
840 1350 970 1391 Laelio
1003 1363 1099 1390 cum
1135 1348 1251 1389 sociis
1282 1348 1434 1388 navali-

107 1405 184 1448 bus
223 1407 366 1447 urbem
404 1409 607 1450 custodire
643 1410 765 1466 jusso,
799 1409 881 1463 ipse
922 1408 964 1448 in
1006 1407 1135 1448 castra
1167 1407 1348 1463 legiones
1371 1422 1436 1447 re·

106 1466 222 1505 duxit
247 1481 256 1506 :
288 1465 485 1521 feffosque
523 1468 671 1508 milites
693 1468 885 1508 omnibus
917 1482 1001 1508 uno
1023 1467 1086 1507 die
1107 1466 1203 1506 belli
1239 1465 1432 1521 operibus

107 1525 276 1579 (quippe
299 1527 370 1579 qui
394 1529 434 1568 δι
459 1526 543 1567 acie
566 1527 834 1579 dimicassent,
870 1529 907 1567 &
932 1525 1130 1580 capienda
1152 1523 1250 1564 urbe
1268 1534 1432 1565 tantum

105 1584 255 1624 laboris
273 1584 525 1639 periculique
546 1586 729 1636 adiss'ent‚
763 1589 803 1627 δι’
831 1585 965 1640 capta,
998 1598 1093 1626 cum
1117 1584 1180 1632 iis,
1213 1583 1285 1637 qui
1306 1583 1347 1623 in
1371 1598 1434 1623 ar-

105 1656 196 1683 cem
228 1642 518 1699 confugerant,
551 1645 692 1699 iniquo
715 1644 838 1684 etiam
873 1646 965 1685 loco
998 1643 1256 1698 pugnassent)
1289 1656 1432 1683 curare

107 1715 278 1756 corpora
311 1703 435 1758 juffit.
497 1703 665 1744 Postero
701 1704 782 1752 die,
815 1703 1014 1744 militibus
1043 1701 1335 1756 navalibusque
1372 1701 1435 1742 so-

105 1760 179 1801 ciis
219 1763 470 1813 convocatis,
511 1761 693 1817 primum
735 1763 827 1803 Diis
870 1760 1170 1803 immortalibus
1212 1760 1433 1814 laudesque

108 1822 147 1861 ἃ
169 1825 184 1871 ΙΙ
211 1830 345 1875 grates
379 1822 478 1876 egit,
510 1822 581 1875 qui
618 1822 655 1862 se
693 1836 776 1861 non
814 1821 925 1862 urbis
959 1821 1090 1862 solsim
1121 1819 1432 1874 opulentiffimae

106 1879 294 1919 omnium
332 1879 373 1919 in
408 1880 607 1934 Hispania
637 1895 720 1920 uno
762 1881 827 1921 die
864 1889 1100 1934 compotem
1134 1878 1331 1927 feciffent,
1365 1877 1432 1918 sed

107 1936 199 1977 ante
223 1934 272 1977 eo
296 1939 573 1994 congeffiss'ent
595 1939 729 1980 omnis
755 1938 860 1994 pene
880 1938 1036 1979 Africae
1079 1945 1202 1990 atque
1223 1936 1431 1991 Hispania:

107 2009 233 2050 opes:
266 2007 311 2036 ut
332 2011 466 2052 neque
488 1997 671 2038 hostibus
702 1999 924 2052 quicquam
947 1997 1262 2050 relinqueretur,
1297 1999 1336 2036 &
1363 1995 1432 2035 fibi

106 2069 152 2095 ac
170 2054 248 2095 suis
270 2056 408 2096 omnia
432 2056 688 2111 superessent.
753 2057 942 2096 Militum
963 2055 1111 2095 deinde
1133 2053 1325 2095 virtutem
1349 2055 1433 2094 col-

110 2113 307 2164 laudavit,
354 2111 467 2168 quod
510 2129 579 2155 eos
608 2129 692 2155 non
724 2115 886 2169 eruptio
918 2113 1114 2162 hostium,
1146 2127 1227 2153 non
1259 2113 1432 2153 altitudo

106 2172 327 2222 moenium,
359 2188 442 2213 non
465 2174 716 2228 inexplorata
740 2173 869 2229 stagni
887 2174 1006 2222 vada,
1039 2187 1122 2213 non
1147 2171 1357 2212 castellum
1390 2172 1433 2212 in

106 2232 188 2271 alto
203 2233 364 2272 tumulo
384 2232 518 2281 situm,
550 2247 634 2272 non
657 2232 921 2272 munitiffima
951 2246 1021 2272 arx
1051 2230 1318 2280 deterruisset‚
1349 2245 1433 2285 quo

107 2287 248 2330 minus
272 2290 602 2331 transcenderent
632 2291 771 2331 omnia
800 2300 1210 2345 perrumperentque.
1272 2290 1435 2342 Itaque,

106 2363 343 2404 quanquam
379 2349 570 2391 omnibus
601 2350 740 2390 omnia
762 2350 946 2403 deberet,
977 2349 1234 2404 praecipuum
1256 2352 1278 2401 ζ
1297 2363 1434 2388 mura-

1385 2407 1434 2447 lis

106 2544 211 2578 virilis
227 2544 330 2577 sexus.
379 2546 476 2577 Hanc
494 2546 695 2578 locutionem
720 2546 804 2588 saepe
828 2545 956 2577 librarii
986 2555 1173 2587 corrupere.
1218 2545 1276 2586 (2)
1293 2543 1435 2587 Argenti

108 2599 178 2622 tum
195 2591 354 2623 elaborati
383 2592 415 2623 in
434 2592 520 2630 vasa,
543 2601 614 2624 tum
639 2592 750 2634 {ignati
770 2592 803 2623 in
830 2600 1010 2623 monetam.
1059 2592 1120 2622 Sed
1140 2601 1202 2632 pro
1216 2593 1304 2633 suHi
1328 2591 1436 2634 legen?

107 2637 189 2669 dum
204 2637 336 2670 videtur
354 2640 464 2680 iffi-521¹.
514 2639 600 2671 Nam
614 2641 686 2682 vasi:
705 2646 839 2682 aaegentea
857 2649 933 2670 mox
953 2645 1188 2670 memorantur.

1454 1797 1504 1827 Sti
1502 1801 1550 1839 [715⁰
1563 1810 1637 1839 gra·-

1453 1845 1508 1872 ticls
1523 1847 1578 1874 diis

1453 1902 1470 1918 α
1469 1892 1525 1930 git.

1455 2063 1603 2093 Collaudat

1452 2107 1556 2139 milites
1561 2131 1571 2142 .
