1834 3099
354 211 482 251 LIB
507 208 601 250 ER
635 207 816 248 XXVII.
847 205 1012 248 CAP.
1049 207 1209 249 XXVI.
1592 218 1667 260 115

180 325 340 366 XXVI.
374 325 581 366 Hannibal
605 325 699 380 quia
737 338 833 366 cum
857 325 1058 365 Marcello
1078 324 1140 365 bis
1170 324 1304 379 priore
1333 339 1441 367 anno

123 384 353 438 congressus
377 384 527 424 vicerat
563 383 777 437 vietusque
814 394 915 432 erat,
948 394 1008 432 ut,
1041 397 1136 424 cum
1160 385 1306 424 eodem
1330 385 1354 424 sl
1379 385 1442 425 di·-

121 442 357 483 micandum
380 441 500 491 foret,
533 457 607 482 nec
630 442 755 496 spem,
788 455 862 481 nec
887 453 1041 481 metum
1070 456 1119 482 ex
1147 447 1161 492 ΙΙ
1189 456 1293 482 vano
1314 442 1439 497 habe-

119 510 208 549 ret3
242 502 297 542 ita
317 501 479 541 duobus
501 500 734 541 consulibus
764 500 1084 554 haudquaquam
1107 500 1186 540 sese
1209 515 1347 554 parem
1371 502 1439 542 fu„

119 567 258 600 turum
275 559 477 601 credebat.
498 560 647 613 itaque,
680 568 791 598 totus
809 558 850 597 in
871 559 960 598 suas
979 570 1083 599 artes
1099 559 1254 611 versus,
1285 560 1436 602 insidiis

118 618 256 658 locum
290 618 510 673 quaerebat.
570 617 696 657 Levia
729 628 867 656 tamen
899 618 1043 670 proelia
1065 617 1170 657 inter
1192 617 1285 657 bina
1308 619 1435 659 castra

117 677 228 717 vario
244 689 393 717 eventu
416 676 567 716 fiebant
589 691 598 716 z
629 674 778 729 quibus
801 690 930 729 quum
953 676 1111 715 extrahi
1127 675 1305 716 aestatem
1327 679 1435 731 poffe

116 736 303 776 consules
337 736 563 784 crederent,
595 734 864 774 nihilominus
881 734 1111 788 oppugnari
1131 735 1286 775 Locros
1327 737 1434 789 posse

116 794 210 844 rati,
235 796 296 849 (ι)
328 794 377 834 L.
397 794 560 842 Cincio,
593 803 637 833 ut
657 808 705 833 ex
728 792 865 833 Sicilia
895 794 1049 833 Locros
1068 807 1163 833 cum
1186 793 1301 833 claffe
1325 796 1435 850 traji-

115 862 244 902 ceret,
276 851 470 893 scribunt.
538 853 602 899 Et,
635 863 679 891 ut
695 851 742 891 ab
767 852 873 891 terra
895 865 1060 906 quoque
1082 852 1312 906 oppugnari
1330 867 1435 893 moe-

114 911 181 951 nia
199 911 370 965 poffent,
402 910 451 950 ab
465 910 648 950 Tarento
668 920 825 965 partem
843 908 1063 959 exercitus,
1096 911 1166 964 qui
1188 911 1229 950 in
1251 911 1436 965 praefidio

115 980 216 1018 erat,
246 969 342 1010 duci
360 967 411 1010 eo
430 970 642 1024 jusserunt.
709 968 766 1008 Ea
788 969 841 1008 ita
862 968 1000 1009 futura
1015 983 1086 1022 per
1103 969 1297 1023 quosdam
1318 969 1437 1010 Thu-

114 1028 226 1069 rinos
248 1039 504 1082 compertum
535 1026 757 1068 Hannibali
788 1042 917 1081 quum
952 1028 1062 1077 effet,
1095 1027 1222 1067 mittit
1239 1029 1436 1081 ad‡infi-

114 1087 292 1127 dendam
315 1086 364 1126 ab
377 1086 559 1126 Tarento
578 1087 707 1127 viam„
722 1086 775 1126 ibi
795 1086 866 1126 sub
889 1087 1050 1126 tumulo
1067 1085 1233 1126 Petelioe
1248 1087 1322 1126 tria
1344 1088 1437 1127 mil-

115 1145 168 1185 lia
184 1145 387 1200 equiturn,
420 1145 604 1200 peditum
628 1146 710 1185 duo
729 1145 769 1184 in
792 1146 956 1185 occulto
974 1146 1104 1185 locata
1123 1159 1132 1184 z
1164 1145 1205 1184 in
1227 1160 1319 1198 quae
1336 1151 1351 1196 Η
1374 1146 1436 1186 in-

114 1203 329 1259 explorato
350 1214 495 1244 euntes
519 1203 700 1243 Romani
723 1217 852 1257 quum
884 1203 1127 1252 incidissent,
1160 1204 1209 1243 ad
1232 1204 1314 1244 duo
1345 1205 1436 1244 mil-

114 1262 168 1303 lia
191 1273 441 1303 armatorum
479 1261 594 1310 caesa,
630 1265 666 1302 &
702 1263 812 1301 mille
845 1262 1014 1304 ducenti
1046 1260 1176 1301 ferme
1199 1262 1278 1302 vivi
1310 1263 1433 1317 capti.

114 1320 183 1362 alii
219 1321 390 1379 disfipati
423 1320 522 1375 fuga
545 1334 616 1374 per
647 1335 764 1376 agros
787 1319 988 1374 saltusque
1012 1320 1242 1360 Tarentum
1264 1322 1434 1363 rediere.

113 1380 323 1421 Tumulus
356 1390 441 1419 erat
477 1379 659 1420 silvestris
693 1380 797 1419 inter
819 1379 975 1419 Punica
1008 1381 1046 1419 8:
1080 1379 1270 1419 Romana
1291 1379 1435 1430 castra,
1455 1377 1664 1432 Irfsidiisexci·

113 1439 166 1480 ab
199 1438 355 1479 neutris
390 1438 526 1492 primo
555 1447 808 1492 occupatus:
842 1437 935 1491 quia
960 1438 1158 1487 Romani,
1191 1437 1322 1491 qualis
1344 1453 1436 1492 pars
1451 1430 1582 1466 pmmm*

112 1498 219 1554 ejus,
252 1512 344 1552 quae
364 1506 547 1551 vergeret
572 1499 633 1550 (2)
671 1497 721 1536 ad
744 1495 922 1536 hostium
954 1496 1099 1546 castra,
1133 1496 1241 1546 esset,
1275 1496 1437 1551 ignora-

113 1557 241 1604 bant;
294 1555 502 1596 Hannibal
540 1555 704 1603 infidiis,
752 1553 878 1608 quam
922 1554 1076 1604 castris,
1109 1554 1308 1608 aptiorem
1342 1569 1439 1596 eum

113 1615 356 1656 crediderat.
419 1614 555 1668 itaque
572 1614 692 1653 noete
715 1615 764 1653 ad
782 1614 821 1653 id
843 1612 973 1654 missas
991 1612 1147 1666 aliquot
1161 1612 1440 1654 Numidarum

116 1685 273 1715 turmas
296 1672 431 1713 medio
450 1673 489 1711 in
510 1672 609 1712 saltu
629 1677 643 1722 Η
663 1672 916 1721 condiderat,
934 1686 1108 1726 quorum
1126 1671 1303 1711 interdiu
1317 1685 1440 1713 nemo

114 1734 165 1773 ab
187 1731 356 1774 statione
380 1730 636 1781 movebatur,
667 1745 717 1771 ne
740 1742 809 1780 aut
832 1745 959 1779 arma,
992 1741 1062 1771 aut
1084 1730 1153 1784 ipsi
1177 1731 1318 1784 procul
1341 1745 1439 1771 con-

113 1792 380 1847 spicerentur.
443 1789 686 1829 Fremebant
704 1788 827 1844 vulgo
851 1788 1047 1830 incastris
1066 1788 1282 1837 Romanis,
1314 1803 1437 1830 occu-

114 1850 298 1905 pandum
321 1863 416 1888 eum
439 1849 647 1888 tumulum
668 1849 760 1898 esse,
797 1850 833 1888 Sc
859 1849 1022 1888 castello
1060 1846 1308 1886 firmandum
1329 1862 1337 1887 z
1370 1863 1437 1898 ne,

116 1910 143 1949 fi
166 1917 389 1962 occupatus
421 1905 470 1947 ab
494 1906 725 1947 Hannibale
758 1906 879 1954 foret,
911 1907 1022 1949 velut
1050 1907 1091 1946 in
1120 1904 1345 1946 cervicibus
1367 1906 1439 1946 ha-

115 1967 260 2008 berent
296 1965 469 2006 hostem.
533 1965 668 2005 Movit
705 1979 751 2005 ea
784 1979 847 2005 res
869 1965 1132 2011 Marcellum,
1176 1966 1216 2004 δι’
1253 1965 1437 2018 collegae‚

118 2029 208 2080 quin
245 2027 357 2072 imus,
390 2023 540 2077 inquit,
572 2022 641 2077 iffi
668 2039 753 2062 cum
788 2023 972 2077 equitibus
1000 2023 1136 2076 paucis
1171 2022 1437 2075 exploratum?

119 2085 288 2140 Subjefia
311 2097 370 2121 res
394 2082 504 2121 oculis
527 2081 655 2136 nestris
675 2083 811 2120 certius
843 2081 944 2120 (labit
965 2080 1160 2136 cmfilium.
1223 2079 1439 2132 Consenti-
1544 2096 1567 2143 †

115 2153 209 2184 ente
232 2140 437 2194 Crispino,
470 2154 564 2179 cuin
588 2139 794 2193 equitibus
817 2141 1003 2180 ducentis
1029 2142 1064 2180 &
1086 2138 1246 2194 viginti,
1276 2152 1324 2178 ex
1348 2140 1439 2193 qui-

116 2202 192 2242 bus
226 2198 493 2255 quadraginta
528 2198 770 2252 Fregellani,
803 2198 927 2237 ceteri
958 2197 1116 2238 Etrusci
1148 2207 1278 2245 erant,
1311 2198 1436 2251 profi-

115 2260 336 2301 ciscuntur.
398 2256 537 2296 Securi
579 2256 642 2295 M.
667 2257 889 2296 Marcellus
925 2257 1100 2296 consulis
1140 2254 1263 2303 filius,
1312 2259 1352 2296 Sc
1383 2258 1437 2298 A.

117 2318 317 2366 Manlius,
350 2314 503 2355 tribuni
539 2313 743 2355 militum:
795 2315 911 2354 fimul
940 2317 979 2357 ἃ*
1014 2313 1340 2367 duosspraefecffi
1377 2315 1439 2355 so-

761 2373 779 2412 I
805 2386 826 2414 2
1324 2371 1435 2414 cium

165 2496 202 2526 C.
221 2495 276 2526 26.
305 2493 362 2534 (1)
385 2490 511 2536 Qaerit
543 2490 846 2527 Drakenborchius,
869 2490 1038 2532 quomodo
1061 2502 1149 2523 nunc
1180 2494 1220 2523 L.
1246 2490 1380 2523 Cincius
1397 2503 1437 2523 ex

120 2538 229 2571 Slcilia
246 2539 394 2581 trajicere
408 2537 565 2579 jubetur?
590 2536 704 2568 Priore
721 2537 853 2578 quidem
872 2548 958 2567 anno
980 2538 1032 2569 M.
1053 2538 1186 2570 Valerio
1204 2548 1277 2569 cum
1297 2539 1338 2567 L.
1360 2537 1436 2568 Cin-

120 2586 173 2616 cio
189 2585 362 2627 imperium
380 2583 413 2614 in
428 2581 535 2613 Sicilia
552 2591 766 2624 prorogatum
784 2582 844 2613 fuit
860 2581 956 2624 supra
980 2594 1006 2614 c.
1026 2583 1055 2614 8.
1105 2584 1230 2614 Verum
1260 2583 1320 2613 hoc
1338 2593 1437 2621 anno,

119 2630 268 2663 ommiss‘o
294 2629 422 2667 Cincio,
444 2627 478 2658 in
497 2627 603 2660 sicilia
619 2627 722 2659 divisa
739 2639 789 2659 res
802 2627 846 2658 cst
863 2627 948 2659 inter
974 2631 1042 2659 Sex.
1063 2629 1220 2660 Caesarem
1253 2629 1284 2659 c&
1304 2630 1354 2659 M.
1370 2630 1437 2659 Va-

120 2674 234 2708 lerium
253 2675 434 2708 Laevinnm.
478 2674 535 2714 (2)
551 2674 604 2706 Sic
621 2680 779 2716 vergentem
806 2676 846 2704 ad
864 2687 946 2706 mare
963 2682 1073 2717 partem
1103 2686 1174 2716 cap.
1203 2685 1298 2716 praec.
1349 2675 1436 2704 Hora

1381 2723 1439 2751 diu·
