1860 3099
351 271 387 312 L
405 271 468 313 IB
484 270 518 314 F.
535 273 577 314 R
627 270 788 313 XXIII.
831 271 866 312 C
885 271 923 311 A
944 270 993 310 P.
1040 266 1265 310 XXXVII.

151 385 288 427 castris
308 387 487 429 hostium
510 389 680 444 potitus,
703 389 855 429 Cumas
871 386 908 428 se
928 399 1100 441 propere
1132 386 1298 439 recepit,
1322 386 1381 439 (1)
1405 383 1454 425 ab

149 443 384 486 Hannibale
402 458 605 498 metuens,
627 447 698 501 qui
715 447 832 501 super
847 446 1031 499 Capuam
1047 444 1087 483 in
1108 443 1258 483 Tifatis
1280 442 1455 483 habebat

151 502 291 543 castra.
353 505 443 546 Nec
465 520 560 545 eum
576 505 744 560 provida
761 505 890 544 futuri
916 507 976 557 (2)
997 502 1143 542 fefellit
1169 502 1322 555 opinio.
1357 515 1454 540 nam

153 560 270 601 fimul
290 562 475 617 Capuam
497 578 544 604 ea
575 565 710 604 clades
741 563 797 603 est
829 562 1036 610 nunciata,
1077 570 1188 600 ratus
1227 558 1452 608 Hannibal,

147 617 199 658 ab
221 633 263 671 re
291 620 394 662 bene
414 621 525 676 gesta
560 621 777 662 insolenter
803 622 942 660 laetum
983 619 1207 659 exercitum
1254 618 1453 667 tironum,

148 679 297 732 magna
317 693 366 719 ex
401 690 530 734 parte,
562 679 866 733 servorumque,
900 678 1139 731 spoliantem
1174 675 1321 723 vi&os‚
1350 689 1454 728 prae-

150 735 299 789 dasque
317 748 522 791 agentem,
539 739 588 778 ad
611 738 768 777 Hamas
811 737 848 776 se
885 737 1148 775 inventurum
1172 751 1184 783 3
1218 740 1242 786 †
1281 733 1453 773 citatum

149 807 296 848 agmen
327 806 474 849 praetcr
495 797 681 849 Capuam
713 795 832 849 rapit,
854 793 1073 847 obviosque
1095 808 1143 834 ex
1157 792 1255 847 fuga
1277 792 1455 845 Campa-

148 865 295 892 norum
317 855 412 893 dato
427 855 609 908 praesidio
627 854 811 908 Capuam
828 852 940 903 duci,
959 852 1114 892 saucios
1134 850 1330 891 vehiculis
1358 863 1455 904 por-

149 909 224 949 tari
251 910 380 965 jubet.
405 912 486 965 ipse
500 912 649 952 Hamis
670 926 796 952 vacua
818 910 867 951 ab
883 910 1066 950 hostibus
1083 910 1223 959 castra,
1246 922 1320 949 nec
1339 909 1454 962 quic·-

149 982 274 1021 quam
295 979 441 1023 praeter
455 971 628 1010 recentis
650 970 816 1025 vestigia
838 969 973 1018 caedis,
992 968 1192 1022 strataque
1207 968 1346 1022 passim
1364 981 1454 1007 cor-

148 1040 247 1080 pora
299 1027 502 1068 sociorum
543 1028 711 1068 invenit»
776 1027 982 1068 Αυᾶοτεε
1034 1038 1148 1067 erant
1185 1027 1370 1080 quidam,
1407 1034 1454 1064 ut

144 1084 333 1137 protinus
355 1086 450 1126 inde
472 1087 627 1127 Cumas
650 1088 833 1136 duceret,
857 1086 1081 1139 urbemque
1103 1093 1370 1140 oppugnaret.
1405 1083 1454 1123 Id

148 1157 384 1197 quanquam
424 1144 535 1184 haud
571 1144 731 1186 modice
774 1143 983 1184 Hannibal
1016 1144 1220 1197 cupiebat,
1257 1153 1318 1193 ut,
1358 1142 1456 1196 quia

147 1201 368 1255 Neapolim
385 1217 466 1242 non
482 1203 850 1257 potuerat,Cumas
866 1202 1276 1254 saltem‚mariti1nam
1295 1200 1455 1251 urbem,

146 1258 341 1309 haberet3
366 1270 520 1312 tamen,
535 1262 630 1315 quia
649 1274 795 1315 praeter
812 1276 922 1300 arma
937 1260 1038 1300 nihil
1056 1260 1191 1300 secum
1207 1260 1341 1310 miles,
1363 1273 1456 1313 rap·
1511 1263 1520 1269 '

145 1318 224 1361 ‚tim
243 1322 266 1371 ‡
287 1319 381 1359 atsto
403 1320 579 1374 agmine,
601 1320 817 1370 extulerat,
838 1329 946 1359 retro
968 1319 1009 1358 in
1027 1319 1152 1358 castra
1174 1319 1291 1372 supra
1312 1317 1455 1357 Tifata

149 1375 367 1430 serecepit.
378 1377 518 1430 inde‚‡
532 1377 723 1433 fatigatus
732 1377 1038 1431 Campanorum
1052 1376 1254 1431 precibus,
1269 1376 1454 1429 sequenti

149 1434 215 1475 die
232 1449 326 1474 cum
349 1436 461 1485 omni
485 1446 678 1489 apparatu
701 1436 988 1490 oppugnanda:
1009 1435 1118 1475 urbis
1141 1435 1294 1475 Cumas
1315 1434 1420 1474 redit
1443 1448 1453 1474 ε

153 1495 548 1547 †perpopulatoque
581 1510 678 1549 agro
702 1496 908 1544 Cumano,
948 1494 1059 1533 mille
1091 1494 1221 1548 paffus
1263 1493 1311 1533 ab
1354 1492 1453 1532 urbe

149 1550 276 1590 castra
294 1553 400 1592 locat
414 1566 432 1601 ’3
466 1567 595 1605 quum
619 1552 836 1593 Gracchus
855 1552 984 1607 magis
1022 1552 1267 1592 verecundia
1300 1552 1342 1590 in
1382 1551 1453 1590 tali

143 1609 376 1652 necestitate
417 1611 625 1651 deserendi
660 1610 804 1661 socios,
835 1610 1098 1664 implorantes
1137 1615 1161 1662 †
1195 1609 1317 1650 fidem
1339 1609 1452 1649 suam

1594 273 1682 317 αις

150 1668 372 1722 populique
396 1669 593 1719 Romani,
626 1669 868 1718 substitisset,
886 1668 1009 1722 quam
1027 1668 1118 1708 satis
1138 1668 1267 1709 fidens
1299 1668 1449 1708 exerci-
1470 1677 1607 1718 Defindit·
1625 1675 1679 1707 Cu-

150 1727 211 1765 tui
271 1727 360 1767 Nec
375 1729 474 1767 alter
490 1728 630 1767 consul
647 1727 811 1777 Fabius,
832 1728 902 1780 qui
918 1728 968 1767 ad
985 1727 1106 1768 Cales
1122 1726 1249 1767 castra
1262 1726 1451 1777 habebat,
1470 1736 1530 1753 ἨΜ
1561 1724 1655 1753 0⁷⁰0

149 1784 406 1825 Vulturnum
424 1785 576 1825 flumen
599 1787 810 1826 traducere
842 1785 1015 1825 audebat
1037 1786 1262 1826 exercitum
1284 1802 1295 1835 3
1329 1800 1453 1826 occu..
1469 1770 1544 1800 chus.

144 1853 264 1897 patus
280 1844 413 1897 primo
431 1843 617 1898 auspiciis
634 1844 949 1899 repetendis(3)‚
979 1843 1075 1884 dein
1113 1844 1325 1899 prodigiis,
1359 1859 1451 1898 quae

144 1901 226 1946 alia
267 1902 385 1956 super
410 1904 487 1943 alia
523 1904 838 1953 nunciabantur,
869 1903 1131 1958 expiantique
1167 1916 1212 1942 ea
1229 1903 1338 1943 haud
1355 1902 1457 1945 faci-

149 1959 187 1999 le
202 1963 225 2012 ss
244 1960 349 2000 litari
372 1961 573 2016 aruspices
590 1961 899 2016 respondebant.

208 2018 436 2059 XXXVII.
467 2021 547 2060 Hae
584 2019 712 2060 causae
749 2034 877 2073 quum
901 2018 1072 2059 Fabium
1095 2028 1298 2071 tenerent,
1338 2020 1457 2061 Sern-

151 2077 320 2131 ,pronius
337 2077 378 2116 in
391 2078 597 2119 obsidione
618 2088 703 2118 erat
722 2095 734 2127 3
757 2081 798 2119 &-
816 2079 903 2134 jam
917 2077 1109 2132 operibus
1128 2078 1455 2133 oppugnabatur.

153 2135 342 2175 adversus
363 2136 540 2191 ligneam
561 2137 770 2192 ingentem
788 2138 996 2177 admotam
1019 2135 1124 2185 urbi,
1160 2137 1280 2179 aliam
1303 2147 1458 2178 turrem

149 2206 202 2233 ‘ex
220 2192 303 2247 ipso
319 2207 437 2233 muro
454 2195 643 2235 excitavit
663 2195 804 2235 consul
836 2194 1067 2244 Romanus,
1099 2195 1306 2248 aliquanto
1340 2197 1457 2237 altio-

151 2264 265 2292 rem:
297 2253 392 2305 quia
409 2267 527 2292 muro
545 2253 637 2294 satis
658 2267 730 2307 per
752 2253 790 2293 se
812 2255 894 2293 alto
911 2252 1103 2309 subjefflis
1123 2253 1265 2294 validis
1301 2261 1326 2307 †
1366 2253 1458 2295 sub-

153 2309 243 2350 licis
273 2325 347 2364 pro
385 2310 468 2350 solo
508 2312 601 2351 usus
618 2321 716 2352 erat.
752 2312 846 2351 inde
863 2310 1043 2365 primiun
1061 2311 1180 2363 saxis,
1198 2311 1458 2367 sudibusque,

156 2370 198 2410 δε
219 2369 364 2410 ceteris
385 2369 594 2411 missilibus
620 2379 943 2425 propugnatores
976 2370 1130 2410 mcenia
1158 2378 1280 2424 atque
1303 2372 1461 2413 *urbem

197 2507 241 2538 C.
265 2505 320 2546 36.
345 2505 463 2549 (1)Sic
487 2506 584 2548 supra
609 2516 638 2537 c.
664 2515 713 2544 15.
728 2512 814 2536 metus
829 2519 848 2536 a
860 2513 987 2549 pra-tore
1004 2508 1140 2539 Romano.
1157 2508 1189 2539 ὃς
1205 2506 1297 2541 alibi.
1319 2509 1398 2548 Ter.
1425 2508 1462 2541 in

157 2552 264 2584 Andr.
286 2563 312 2583 1.
333 2563 364 2584 1.
384 2561 436 2593 79.
454 2555 539 2582 metui
555 2565 572 2582 a
592 2553 731 2596 Chryside.
780 2551 835 2593 (2)
852 2554 899 2582 Ita
911 2551 982 2584 Cic.
1002 2552 1026 2583 l.
1047 2562 1077 2585 2.
1092 2554 1132 2584 de
1146 2553 1226 2586 Div.
1245 2565 1276 2586 c.
1302 2564 1356 2594 57.
1380 2568 1462 2596 'men-

156 2604 210 2627 tem
222 2601 267 2628 ita
279 2611 401 2636 movens,
413 2605 443 2628 ut
453 2611 514 2629 eam
519 2600 674 2639 providam
692 2610 786 2628 rerum
792 2599 970 2638 futurarum
987 2599 1098 2640 efficiat.
1144 2601 1270 2631 Contra
1286 2603 1462 2643 improvidus

154 2641 242 2674 infra.
259 2643 282 2674 l.
301 2645 354 2676 26.
374 2654 401 2674 c.
421 2652 475 2684 29.
488 2644 776 2685 Improvidusficturi
790 2645 952 2674 certaminis
967 2645 1110 2675 Romanus
1133 2647 1273 2678 veniebau
1319 2647 1374 2687 (3)
1388 2645 1463 2691 Q&

156 2687 198 2719 de
211 2688 306 2721 causa
323 2699 397 2722 eum
413 2689 553 2720 Romam
571 2687 733 2732 proficisci
749 2687 873 2721 necesse
889 2697 971 2722 erat.
1000 2689 1079 2723 Vid.
1097 2691 1195 2735 supra
1220 2702 1249 2724 c.
1272 2699 1326 2734 19.
1345 2693 1377 2722 δε
1394 2692 1418 2724 1.
1434 2691 1464 2723 8.

158 2743 185 2764 α-
201 2743 255 2774 30.
1267 2749 1271 2753 ’
1396 2754 1399 2756 -

713 2804 747 2854 P
781 2816 803 2845 2
1214 2806 1435 2848 tuebantur
1455 2823 1465 2848 ι
