1840 3094
399 168 641 211 LIBER
681 168 798 210 XXI.
833 168 988 211 CAP.
1034 168 1241 211 XXXIV.

154 285 217 326 nis
231 286 391 341 generis
407 287 588 328 facerent
607 303 616 328 :
632 286 863 340 multosque
877 285 994 326 turba
1010 289 1089 342 (3),
1105 301 1234 341 quum
1248 284 1478 341 praecipites

153 345 503 401 deruptaeque(4)
528 347 720 400 utrinque
753 346 948 400 angustiae
981 345 1123 396 effent,
1155 347 1196 385 in
1232 344 1477 385 immensum

155 403 384 444 altitudinis
416 404 564 460 dejecit
587 421 599 453 3
653 403 850 459 quosdam
904 407 944 445 δε
989 415 1197 452 armatos·,
1249 404 1315 444 sed
1348 403 1478 443 ruinae

156 462 349 503 maximae
366 465 491 503 modo
519 464 707 518 jumenta
725 477 821 503 cum
843 461 1037 502 oneribus
1059 462 1380 502 devolvebantur
1400 464 1478 516 (5).

156 520 265 576 (ζωῇ
289 535 525 575 quanquam
559 521 671 561 foeda
687 521 772 560 visu
790 532 922 574 erant,
955 521 1063 561 stetit
1099 535 1320 575 parumper
1341 531 1478 560 tamen

155 578 383 629 Hannibal,
416 594 462 620 ac
485 579 576 620 suos
599 580 820 631 continuit,
851 594 902 619 ne
925 590 1150 619 tuniunum
1175 593 1220 619 ac
1242 579 1481 633 trepidatio-

157 651 253 677 nem
278 648 458 694 augeret.
491 639 655 687 deinde,
679 639 894 693 postquam
927 638 1171 692 interrumpi
1193 652 1339 693 agmen
1363 638 1481 688 vidit,

157 697 471 751 periculumque
494 698 586 748 efl'e,
620 712 669 737 ne
706 709 877 736 exutum
907 696 1214 752 impedimentis
1252 695 1480 737 exercitum

158 755 434 809 nequicquam
456 756 707 796 incolumem
731 756 983 807 traduxisset,
1014 756 1194 796 decurrit
1210 769 1259 795 ex
1275 754 1480 809 superiore

159 814 250 853 loco
274 830 286 862 ;
322 817 379 866 ἃ,
401 829 530 868 quum
554 815 710 869 impetu
726 815 811 869 ipso
828 813 990 855 fudiffet
1011 814 1185 864 hostem,
1218 814 1297 854 suis
1315 826 1481 868 quoque

158 874 383 912 tumultum
409 874 534 912 auxit.
557 873 624 913 sed
641 873 674 913 is
695 875 899 913 tumultus
921 883 1133 914 momento
1148 873 1359 927 temporis,
1373 871 1483 927 post-

159 945 285 984 quam
305 931 470 971 liberata
488 932 632 972 itinera
650 932 749 987 fug&
765 943 1053 972 montanorum
1069 941 1200 980 erant,
1215 931 1390 972 sedatur:
1405 945 1482 971 nec

159 1003 233 1043 per
253 989 383 1030 otium
406 991 547 1041 modo,
581 990 647 1030 sed
666 989 791 1046 prope
811 991 983 1041 silentio,
1006 1005 1101 1030 mox
1122 1004 1266 1031 omnes
1287 989 1481 1030 traduffi.

159 1047 384 1088 Castellum
407 1050 519 1101 inde,
551 1050 663 1103 quod
686 1063 808 1104 caput
828 1051 916 1105 ejus
933 1050 1111 1105 regionis
1129 1059 1230 1097 erat,
1247 1048 1486 1102 viculosque

159 1107 453 1163 circumjectos
469 1108 591 1162 capit,
629 1111 666 1149 δε
706 1108 962 1163 captivorum
980 1110 1041 1162 (6)
1063 1108 1279 1162 pecoribus
1310 1121 1383 1162 per
1414 1107 1486 1147 tri-

160 1166 292 1206 duum
327 1167 553 1207 exercitum
577 1167 690 1207 aluit.
726 1170 766 1208 ὅτ
791 1167 886 1220 quia
908 1181 984 1207 nec
1017 1167 1223 1207 montanis
1252 1165 1388 1221 primo
1422 1168 1486 1220 (7)

163 1226 372 1279 perculsis,
396 1240 470 1265 nec
489 1226 580 1266 loco
600 1239 848 1281 magnopere
868 1225 1212 1281 impediebantur,
1228 1226 1486 1280 aliquantum

163 1297 214 1324 eo
237 1284 374 1323 triduo
395 1284 470 1325 viae
492 1283 687 1324 confecit.

224 1342 430 1383 XXXIV.
463 1343 714 1385 Perventum
749 1342 842 1383 inde
880 1344 928 1383 ad
967 1342 1227 1397 frequentem
1262 1340 1489 1382 cultoribus

164 1400 311 1451 aliurn,
341 1406 428 1453 †ut
451 1401 557 1440 inter
588 1413 799 1450 montana,
833 1403 1126 1457 populum(1).
1159 1401 1214 1441 ibi
1255 1415 1339 1440 non
1381 1400 1488 1440 bello

164 1469 320 1513 aperto,
370 1458 435 1500 sed
468 1459 547 1499 suis
570 1463 634 1514 (2)
671 1461 840 1508 artibus,
873 1461 1032 1509 fraude,
1066 1460 1212 1500 deinde
1244 1459 1396 1500 insidiis
1432 1458 1491 1498 est

165 1518 292 1573 prope
313 1517 636 1559 circumventus.
698 1519 856 1574 Magno
874 1530 972 1559 natu
1005 1518 1210 1573 principes
1232 1517 1492 1558 castellorum

166 1588 349 1617 oratores
372 1578 422 1617 ad
451 1576 632 1617 Poenum
656 1577 855 1618 veniunt:
887 1579 1023 1617 alienis
1055 1578 1180 1627 malis,
1213 1578 1298 1617 utili
1318 1577 1492 1629 exemplo,

165 1636 299 1684 doc70s,
331 1646 625 1686 memorantes,
658 1638 867 1676 amicitiam
905 1637 1028 1685 malle,
1060 1636 1175 1690 quhm
1208 1637 1288 1676 vim
1329 1636 1494 1689 experiri

169 1695 390 1736 Poenorum.
443 1695 571 1750 itaque
603 1695 805 1735 obedienter
827 1697 1012 1748 imperata
1030 1695 1227 1752 facim-os,
1258 1703 1494 1735 commeatum

171 1753 386 1808 itinerisque
400 1753 523 1803 duces,
555 1762 591 1793 et
626 1754 678 1793 ad
702 1753 822 1809 fidem
852 1754 1105 1810 promiffiarum
1137 1753 1266 1808 olfidc’s
1301 1755 1494 1806 acciperet.

170 1811 381 1854 Hannibal
399 1825 474 1852 nec
498 1822 651 1852 temere
668 1813 889 1861 credendo,
924 1826 997 1853 nec
1013 1812 1281 1867 aspernando,
1304 1825 1355 1851 ne
1376 1826 1498 1865 repu-

169 1871 270 1911 diati
303 1869 441 1924 aperte
474 1870 609 1911 hostes
643 1870 802 1921 fierent,
834 1870 1010 1926 benigne
1043 1886 1173 1925 quum
1206 1870 1496 1925 respondifl'et3

169 1928 394 1979 obfidibus,
427 1943 530 1983 quos
549 1929 717 1980 dabant,
740 1930 936 1985 acceptis,
961 1933 1003 1971 &
1027 1942 1280 1978 commeatu,
1312 1943 1435 1983 quem
1456 1929 1498 1968 in

172 1988 283 2030 viam
304 1987 375 2050 ipsi
393 1988 640 2041 detulerant,
675 1989 786 2041 usus,
818 2003 1080 2044 nequaquam
1103 1999 1149 2030 ut
1180 1989 1287 2028 inter
1315 1998 1501 2042 pacatos,

1197 2046 1502 2103 (3)compos1to

178 2164 213 2198 8.
232 2175 265 2200 σε
285 2164 341 2197 26.
390 2165 454 2196 Sibi
481 2176 616 2206 quoque
632 2166 801 2204 tendente,
816 2165 850 2198 h.
865 2177 894 2199 e.
912 2175 976 2208 pro
992 2165 1035 2198 se.
1054 2164 1110 2208 (3)
1123 2165 1157 2198 h.
1175 2175 1205 2198 e.
1223 2164 1327 2197 turbae
1343 2164 1507 2196 tumultus

176 2212 210 2243 &
235 2210 427 2252 trepiditio.
453 2212 509 2251 (4)
534 2213 681 2254 Demptus
706 2212 793 2244 infra
809 2212 953 2244 occurrit
968 2212 991 2243 l.
1013 2221 1066 2250 37.
1082 2223 1111 2243 c.
1129 2221 1184 2252 39.
1204 2211 1225 2242 Ι.
1242 2210 1296 2250 38.
1314 2220 1390 2242 c,2.
1406 2210 1427 2241 l.
1450 2220 1506 2251 39,

177 2268 209 2289 c.
231 2265 263 2288 2.
305 2256 358 2287 Est
374 2256 525 2288 deorsum
541 2266 842 2300 ruptusfflraeceps,
855 2265 1056 2300 praeruptus.
1095 2258 1150 2298 (5)
1171 2255 1294 2288 Melius
1310 2254 1428 2287 abess‘et
1443 2256 1509 2288 liaec

178 2312 257 2340 vox,
280 2312 380 2342 quam
406 2313 491 2333 unus
513 2303 616 2333 codex
641 2303 794 2345 ignorat;
817 2311 854 2334 ut
879 2302 927 2340 fit,
951 2303 1052 2334 turba
1081 2301 1198 2344 dejecit
1226 2302 1385 2343 quosdam
1411 2301 1511 2335 etiam

180 2355 337 2386 armato,
360 2347 412 2379 ‘el
436 2347 586 2389 jum-‘nra
601 2358 678 2379 cum
695 2349 851 2380 oneribus
867 2348 971 2380 ruinae
989 2347 1138 2379 maximae
1156 2348 1268 2380 modo.
1316 2346 1367 2378 Sic
1384 2347 1470 2378 infra
1490 2347 1511 2379 l.

181 2404 238 2430 aa.
254 2404 284 2424 e.
301 2403 357 2430 41.
375 2396 466 2424 ruinae
481 2396 557 2424 modo
569 2395 734 2426 turbantur.
784 2396 889 2436 Suprz]
909 2394 932 2425 l.
949 2403 980 2431 4.
1000 2405 1030 2425 c.
1051 2402 1106 2432 33.
1133 2396 1222 2425 ruinae
1232 2392 1363 2438 similem
1375 2393 1515 2437 stragem.

177 2438 237 2482 (6)
254 2438 404 2470 Omnino
418 2438 591 2480 legendum
610 2440 767 2482 sscaptivis
785 2441 941 2482 pecoribus.
964 2439 1015 2470 vel
1040 2442 1157 2481 captivo
1174 2446 1284 2482 pecore.
1333 2439 1390 2480 (7)
1404 2439 1516 2470 Potius

177 2484 293 2528 puelia.
341 2486 567 2527 Impediehuntnr
597 2484 641 2516 sc.
673 2485 813 2523 milites;
838 2485 871 2516 ni
897 2485 1072 2527 legendum
1097 2483 1133 2516 sit
1158 2485 1370 2527 impediebatur,
1392 2484 1456 2522 vel,
1479 2492 1516 2515 ut

185 2529 379 2561 Gramovius
396 2530 481 2569 vult,
513 2532 551 2563 δ’
574 2533 642 2572 quia
658 2543 704 2561 nec
730 2535 854 2562 montani
864 2533 967 2574 proelzo
978 2530 1114 2575 percuffi,
1133 2544 1181 2563 nec
1194 2533 1257 2563 lcca
1281 2538 1451 2574 magnopere
1465 2532 1519 2561 im-

186 2578 348 2619 pallebant.

235 2642 273 2671 C.
293 2649 346 2679 34.
369 2639 426 2682 (1)
453 2644 552 2680 Δῆμον
567 2639 620 2671 seu
639 2650 772 2683 pagum.
813 2641 872 2682 (2)
900 2640 1041 2673 Artibus
1065 2639 1186 2681 quibus
1205 2639 1373 2672 Hannibal
1395 2638 1458 2681 ipse
1477 2637 1526 2670 uti

192 2685 327 2724 colebat,
357 2697 478 2728 nempe
514 2687 632 2718 fraude
652 2689 683 2718 ὅ(
706 2685 841 2720 insidiis.
905 2690 1012 2730 Supra
1030 2697 1059 2719 c.
1085 2698 1118 2726 4.
1139 2685 1310 2730 perfidiam
1329 2685 1532 2774 Hannilgiii}

1647 177 1703 222 39
