<?xml version="1.0" encoding="UTF-8"?>
<!DOCTYPE html PUBLIC "-//W3C//DTD XHTML 1.0 Transitional//EN"
    "http://www.w3.org/TR/xhtml1/DTD/xhtml1-transitional.dtd">
<html xmlns="http://www.w3.org/1999/xhtml" xml:lang="en" lang="en">
 <head>
  <title>
</title>
<meta http-equiv="Content-Type" content="text/html;charset=utf-8" />
  <meta name='ocr-system' content='tesseract 3.04.00' />
  <meta name='ocr-capabilities' content='ocr_page ocr_carea ocr_par ocr_line ocrx_word'/>
</head>
<body>
  <div class='ocr_page' id='page_1' title='image "./historiaeromanae02livyuoft_0423.png"; bbox 0 0 1834 3099; ppageno 0'>
   <div class='ocr_carea' id='block_1_1' title="bbox 415 168 1691 224">
    <p class='ocr_par' dir='ltr' id='par_1_1' title="bbox 415 168 1691 224">
     <span class='ocr_line' id='line_1_1' title="bbox 415 168 1691 224; baseline 0.001 -13"><span class='ocrx_word' id='word_1_1' title='bbox 415 169 636 211; x_wconf 87' lang='lat' dir='ltr'>LIBER</span> <span class='ocrx_word' id='word_1_2' title='bbox 684 168 845 210; x_wconf 83' lang='lat' dir='ltr'>XXVI.</span> <span class='ocrx_word' id='word_1_3' title='bbox 894 168 1044 211; x_wconf 80' lang='lat' dir='ltr'>CAP.</span> <span class='ocrx_word' id='word_1_4' title='bbox 1098 168 1217 210; x_wconf 85' lang='lat' dir='ltr'>XVI.</span> <span class='ocrx_word' id='word_1_5' title='bbox 1643 183 1691 224; x_wconf 78' lang='lat'>23</span> 
     </span>
    </p>
   </div>
   <div class='ocr_carea' id='block_1_2' title="bbox 141 284 1700 2101">
    <p class='ocr_par' dir='ltr' id='par_1_2' title="bbox 141 284 1700 2101">
     <span class='ocr_line' id='line_1_2' title="bbox 169 284 1523 342; baseline -0.002 -16"><span class='ocrx_word' id='word_1_6' title='bbox 169 284 306 335; x_wconf 74' lang='lat' dir='ltr'>fuerit,</span> <span class='ocrx_word' id='word_1_7' title='bbox 340 289 401 341; x_wconf 85' lang='lat'>(2)</span> <span class='ocrx_word' id='word_1_8' title='bbox 416 286 458 342; x_wconf 86' lang='lat' dir='ltr'><strong><em>fi</em></strong></span> <span class='ocrx_word' id='word_1_9' title='bbox 490 290 522 328; x_wconf 89' lang='lat' dir='ltr'>ei</span> <span class='ocrx_word' id='word_1_10' title='bbox 542 287 751 337; x_wconf 77' lang='lat' dir='ltr'>videretur,</span> <span class='ocrx_word' id='word_1_11' title='bbox 780 287 967 339; x_wconf 77' lang='lat' dir='ltr'>integram</span> <span class='ocrx_word' id='word_1_12' title='bbox 989 301 1068 325; x_wconf 80' lang='lat' dir='ltr'>rem</span> <span class='ocrx_word' id='word_1_13' title='bbox 1103 287 1156 326; x_wconf 82' lang='lat' dir='ltr'>ad</span> <span class='ocrx_word' id='word_1_14' title='bbox 1169 287 1347 340; x_wconf 78' lang='lat' dir='ltr'>senatum</span> <span class='ocrx_word' id='word_1_15' title='bbox 1382 286 1471 339; x_wconf 75' lang='lat' dir='ltr'>reji-</span> <span class='ocrx_word' id='word_1_16' title='bbox 1518 304 1523 312; x_wconf 68' lang='lat'><strong><em>¹</em></strong></span> 
     </span>
     <span class='ocr_line' id='line_1_3' title="bbox 163 343 1473 400; baseline -0.002 -15"><span class='ocrx_word' id='word_1_17' title='bbox 163 355 275 395; x_wconf 60' lang='lat' dir='ltr'>cent,</span> <span class='ocrx_word' id='word_1_18' title='bbox 304 346 614 400; x_wconf 82' lang='lat' dir='ltr'>interpretatum</span> <span class='ocrx_word' id='word_1_19' title='bbox 642 346 733 394; x_wconf 81' lang='lat' dir='ltr'>effe,</span> <span class='ocrx_word' id='word_1_20' title='bbox 765 344 861 397; x_wconf 88' lang='lat' dir='ltr'>quid</span> <span class='ocrx_word' id='word_1_21' title='bbox 903 344 1030 399; x_wconf 80' lang='lat' dir='ltr'>magis</span> <span class='ocrx_word' id='word_1_22' title='bbox 1061 359 1082 384; x_wconf 93' lang='lat' dir='ltr'>e</span> <span class='ocrx_word' id='word_1_23' title='bbox 1113 343 1320 398; x_wconf 61' lang='lat' dir='ltr'>republica</span> <span class='ocrx_word' id='word_1_24' title='bbox 1347 344 1473 383; x_wconf 84' lang='lat' dir='ltr'>duce·</span> 
     </span>
     <span class='ocr_line' id='line_1_4' title="bbox 168 401 1474 456; baseline -0.001 -13"><span class='ocrx_word' id='word_1_25' title='bbox 168 414 244 452; x_wconf 79' lang='lat' dir='ltr'>ret,</span> <span class='ocrx_word' id='word_1_26' title='bbox 276 403 584 445; x_wconf 65' lang='lat' dir='ltr'>aestimationem</span> <span class='ocrx_word' id='word_1_27' title='bbox 621 403 689 444; x_wconf 81' lang='lat' dir='ltr'>fibi</span> <span class='ocrx_word' id='word_1_28' title='bbox 725 402 965 456; x_wconf 66' lang='lat' dir='ltr'>permistam.</span> <span class='ocrx_word' id='word_1_29' title='bbox 1031 404 1214 456; x_wconf 83' lang='lat' dir='ltr'>Capuam</span> <span class='ocrx_word' id='word_1_30' title='bbox 1249 417 1270 442; x_wconf 85' lang='lat' dir='ltr'>a</span> <span class='ocrx_word' id='word_1_31' title='bbox 1307 401 1474 442; x_wconf 83' lang='lat' dir='ltr'>Calibus</span> 
     </span>
     <span class='ocr_line' id='line_1_5' title="bbox 165 461 1476 516; baseline -0.002 -14"><span class='ocrx_word' id='word_1_32' title='bbox 165 463 342 502; x_wconf 82' lang='lat' dir='ltr'>reditum</span> <span class='ocrx_word' id='word_1_33' title='bbox 365 463 438 514; x_wconf 87' lang='lat' dir='ltr'>est,</span> <span class='ocrx_word' id='word_1_34' title='bbox 472 464 687 516; x_wconf 79' lang='lat' dir='ltr'><strong>Atellaque</strong></span> <span class='ocrx_word' id='word_1_35' title='bbox 713 464 749 501; x_wconf 72' lang='lat'>8&lt;</span> <span class='ocrx_word' id='word_1_36' title='bbox 787 461 942 501; x_wconf 83' lang='lat' dir='ltr'>Calatia</span> <span class='ocrx_word' id='word_1_37' title='bbox 977 461 1018 500; x_wconf 90' lang='lat' dir='ltr'>in</span> <span class='ocrx_word' id='word_1_38' title='bbox 1051 461 1301 501; x_wconf 86' lang='lat' dir='ltr'>deditionem</span> <span class='ocrx_word' id='word_1_39' title='bbox 1333 474 1476 514; x_wconf 86' lang='lat' dir='ltr'>accep-</span> 
     </span>
     <span class='ocr_line' id='line_1_6' title="bbox 167 519 1474 576; baseline -0.002 -17"><span class='ocrx_word' id='word_1_40' title='bbox 167 530 233 561; x_wconf 81' lang='lat' dir='ltr'>tae.</span> <span class='ocrx_word' id='word_1_41' title='bbox 262 521 317 562; x_wconf 83' lang='lat' dir='ltr'>ibi</span> <span class='ocrx_word' id='word_1_42' title='bbox 339 536 504 576; x_wconf 88' lang='lat' dir='ltr'>quoque</span> <span class='ocrx_word' id='word_1_43' title='bbox 525 523 565 562; x_wconf 92' lang='lat' dir='ltr'>in</span> <span class='ocrx_word' id='word_1_44' title='bbox 588 535 673 568; x_wconf 88' lang='lat' dir='ltr'>eos,</span> <span class='ocrx_word' id='word_1_45' title='bbox 709 520 779 573; x_wconf 87' lang='lat' dir='ltr'>qui</span> <span class='ocrx_word' id='word_1_46' title='bbox 801 520 932 573; x_wconf 84' lang='lat' dir='ltr'>capita</span> <span class='ocrx_word' id='word_1_47' title='bbox 961 533 1096 560; x_wconf 86' lang='lat' dir='ltr'>rerum</span> <span class='ocrx_word' id='word_1_48' title='bbox 1127 529 1260 569; x_wconf 84' lang='lat' dir='ltr'>erant,</span> <span class='ocrx_word' id='word_1_49' title='bbox 1293 519 1474 558; x_wconf 81' lang='lat' dir='ltr'>animad-</span> 
     </span>
     <span class='ocr_line' id='line_1_7' title="bbox 167 576 1472 634; baseline -0.002 -16"><span class='ocrx_word' id='word_1_50' title='bbox 167 579 340 620; x_wconf 88' lang='lat' dir='ltr'>versum.</span> <span class='ocrx_word' id='word_1_51' title='bbox 403 581 464 625; x_wconf 85' lang='lat' dir='ltr'>Ita</span> <span class='ocrx_word' id='word_1_52' title='bbox 485 582 535 621; x_wconf 90' lang='lat' dir='ltr'>ad</span> <span class='ocrx_word' id='word_1_53' title='bbox 556 579 807 634; x_wconf 82' lang='lat' dir='ltr'>septuaginta</span> <span class='ocrx_word' id='word_1_54' title='bbox 830 579 1034 632; x_wconf 81' lang='lat' dir='ltr'>principes</span> <span class='ocrx_word' id='word_1_55' title='bbox 1055 576 1215 618; x_wconf 69' lang='lat' dir='ltr'>senatus</span> <span class='ocrx_word' id='word_1_56' title='bbox 1238 576 1472 626; x_wconf 66' lang='lat' dir='ltr'>interfe&amp;i;</span> 
     </span>
     <span class='ocr_line' id='line_1_8' title="bbox 167 636 1473 690; baseline -0.002 -14"><span class='ocrx_word' id='word_1_57' title='bbox 167 639 340 678; x_wconf 80' lang='lat' dir='ltr'>trecenti</span> <span class='ocrx_word' id='word_1_58' title='bbox 372 638 500 679; x_wconf 86' lang='lat' dir='ltr'>ferme</span> <span class='ocrx_word' id='word_1_59' title='bbox 537 638 693 678; x_wconf 86' lang='lat' dir='ltr'>nobiles</span> <span class='ocrx_word' id='word_1_60' title='bbox 731 638 931 690; x_wconf 83' lang='lat' dir='ltr'>Campani</span> <span class='ocrx_word' id='word_1_61' title='bbox 968 638 1009 676; x_wconf 89' lang='lat' dir='ltr'>in</span> <span class='ocrx_word' id='word_1_62' title='bbox 1045 651 1251 678; x_wconf 81' lang='lat' dir='ltr'>carcerem</span> <span class='ocrx_word' id='word_1_63' title='bbox 1294 636 1473 676; x_wconf 86' lang='lat' dir='ltr'>conditi:</span> 
     </span>
     <span class='ocr_line' id='line_1_9' title="bbox 168 694 1475 751; baseline -0.002 -15"><span class='ocrx_word' id='word_1_64' title='bbox 168 697 250 746; x_wconf 72' lang='lat' dir='ltr'>alii,</span> <span class='ocrx_word' id='word_1_65' title='bbox 283 712 355 751; x_wconf 79' lang='lat' dir='ltr'>per</span> <span class='ocrx_word' id='word_1_66' title='bbox 376 697 575 738; x_wconf 86' lang='lat' dir='ltr'>sociorum</span> <span class='ocrx_word' id='word_1_67' title='bbox 593 696 730 736; x_wconf 84' lang='lat' dir='ltr'>Latini</span> <span class='ocrx_word' id='word_1_68' title='bbox 757 696 933 736; x_wconf 84' lang='lat' dir='ltr'>nominis</span> <span class='ocrx_word' id='word_1_69' title='bbox 956 697 1075 736; x_wconf 83' lang='lat' dir='ltr'>urbes</span> <span class='ocrx_word' id='word_1_70' title='bbox 1111 696 1152 735; x_wconf 88' lang='lat' dir='ltr'>in</span> <span class='ocrx_word' id='word_1_71' title='bbox 1174 694 1376 736; x_wconf 80' lang='lat' dir='ltr'>custodias</span> <span class='ocrx_word' id='word_1_72' title='bbox 1405 695 1475 734; x_wconf 90' lang='lat' dir='ltr'>da-</span> 
     </span>
     <span class='ocr_line' id='line_1_10' title="bbox 167 753 1472 804; baseline -0.002 -10"><span class='ocrx_word' id='word_1_73' title='bbox 167 755 213 804; x_wconf 87' lang='lat' dir='ltr'>ti,</span> <span class='ocrx_word' id='word_1_74' title='bbox 246 756 364 796; x_wconf 85' lang='lat' dir='ltr'>variis</span> <span class='ocrx_word' id='word_1_75' title='bbox 415 756 568 796; x_wconf 76' lang='lat' dir='ltr'>casibus</span> <span class='ocrx_word' id='word_1_76' title='bbox 618 755 888 803; x_wconf 86' lang='lat' dir='ltr'>interierunt;</span> <span class='ocrx_word' id='word_1_77' title='bbox 937 755 1158 794; x_wconf 87' lang='lat' dir='ltr'>multitudo</span> <span class='ocrx_word' id='word_1_78' title='bbox 1209 754 1286 794; x_wconf 85' lang='lat' dir='ltr'>alia</span> <span class='ocrx_word' id='word_1_79' title='bbox 1322 753 1472 794; x_wconf 82' lang='lat' dir='ltr'>civium</span> 
     </span>
     <span class='ocr_line' id='line_1_11' title="bbox 167 813 1700 869; baseline -0.001 -16"><span class='ocrx_word' id='word_1_80' title='bbox 167 815 472 868; x_wconf 81' lang='lat' dir='ltr'>Campanorum</span> <span class='ocrx_word' id='word_1_81' title='bbox 490 816 551 869; x_wconf 84' lang='lat'>(3)</span> <span class='ocrx_word' id='word_1_82' title='bbox 576 814 836 855; x_wconf 79' lang='lat' dir='ltr'>venumdata.</span> <span class='ocrx_word' id='word_1_83' title='bbox 899 813 964 853; x_wconf 90' lang='lat' dir='ltr'>De</span> <span class='ocrx_word' id='word_1_84' title='bbox 989 813 1087 853; x_wconf 88' lang='lat' dir='ltr'>urbe</span> <span class='ocrx_word' id='word_1_85' title='bbox 1112 826 1291 868; x_wconf 81' lang='lat' dir='ltr'>agroque</span> <span class='ocrx_word' id='word_1_86' title='bbox 1317 813 1473 865; x_wconf 88' lang='lat' dir='ltr'>reliqua</span> <span class='ocrx_word' id='word_1_87' title='bbox 1493 823 1549 853; x_wconf 71' lang='lat' dir='ltr'>Res</span> <span class='ocrx_word' id='word_1_88' title='bbox 1578 824 1618 852; x_wconf 74' lang='lat' dir='ltr'>ad</span> <span class='ocrx_word' id='word_1_89' title='bbox 1644 822 1700 851; x_wconf 62' lang='lat' dir='ltr'>Ca-</span> 
     </span>
     <span class='ocr_line' id='line_1_12' title="bbox 166 870 1699 926; baseline -0.001 -15"><span class='ocrx_word' id='word_1_90' title='bbox 166 873 409 912; x_wconf 80' lang='lat' dir='ltr'>consultatio</span> <span class='ocrx_word' id='word_1_91' title='bbox 432 873 528 924; x_wconf 86' lang='lat' dir='ltr'>fuit,</span> <span class='ocrx_word' id='word_1_92' title='bbox 543 872 787 926; x_wconf 83' lang='lat' dir='ltr'>quibusdam</span> <span class='ocrx_word' id='word_1_93' title='bbox 811 873 1025 911; x_wconf 79' lang='lat' dir='ltr'><strong>delendam</strong></span> <span class='ocrx_word' id='word_1_94' title='bbox 1053 871 1308 912; x_wconf 81' lang='lat' dir='ltr'>censentibus</span> <span class='ocrx_word' id='word_1_95' title='bbox 1332 870 1474 911; x_wconf 89' lang='lat' dir='ltr'>urbem</span> <span class='ocrx_word' id='word_1_96' title='bbox 1488 875 1579 910; x_wconf 60' lang='lat' dir='ltr'>pum</span> <span class='ocrx_word' id='word_1_97' title='bbox 1595 875 1699 910; x_wconf 65' lang='lat'><strong><em>‘⁰0³1‘70·</em></strong></span> 
     </span>
     <span class='ocr_line' id='line_1_13' title="bbox 167 914 1558 986; baseline 0.001 -17"><span class='ocrx_word' id='word_1_98' title='bbox 167 931 441 984; x_wconf 81' lang='lat' dir='ltr'>praevalidam‚</span> <span class='ocrx_word' id='word_1_99' title='bbox 475 931 765 986; x_wconf 76' lang='lat' dir='ltr'>propinquam,</span> <span class='ocrx_word' id='word_1_100' title='bbox 798 930 1019 972; x_wconf 86' lang='lat' dir='ltr'>inimicam.</span> <span class='ocrx_word' id='word_1_101' title='bbox 1082 929 1282 971; x_wconf 73' lang='lat' dir='ltr'>Ceterum</span> <span class='ocrx_word' id='word_1_102' title='bbox 1302 914 1558 983; x_wconf 59' lang='lat' dir='ltr'>praesensfitae&#39;</span> 
     </span>
     <span class='ocr_line' id='line_1_14' title="bbox 168 988 1474 1045; baseline 0.001 -17"><span class='ocrx_word' id='word_1_103' title='bbox 168 989 320 1029; x_wconf 84' lang='lat' dir='ltr'>utilitas</span> <span class='ocrx_word' id='word_1_104' title='bbox 348 990 455 1030; x_wconf 87' lang='lat' dir='ltr'>vicit.</span> <span class='ocrx_word' id='word_1_105' title='bbox 482 1005 575 1029; x_wconf 87' lang='lat' dir='ltr'>nam</span> <span class='ocrx_word' id='word_1_106' title='bbox 599 1000 763 1044; x_wconf 85' lang='lat' dir='ltr'>propter</span> <span class='ocrx_word' id='word_1_107' title='bbox 788 1004 948 1045; x_wconf 80' lang='lat' dir='ltr'>agrum,</span> <span class='ocrx_word' id='word_1_108' title='bbox 981 1003 1102 1043; x_wconf 85' lang='lat' dir='ltr'>quem</span> <span class='ocrx_word' id='word_1_109' title='bbox 1128 989 1241 1045; x_wconf 89' lang='lat' dir='ltr'>omni</span> <span class='ocrx_word' id='word_1_110' title='bbox 1264 988 1474 1039; x_wconf 68' lang='lat' dir='ltr'>fertilitate</span> 
     </span>
     <span class='ocr_line' id='line_1_15' title="bbox 165 1047 1477 1103; baseline 0.001 -17"><span class='ocrx_word' id='word_1_111' title='bbox 165 1056 283 1089; x_wconf 81' lang='lat' dir='ltr'>terrae</span> <span class='ocrx_word' id='word_1_112' title='bbox 317 1048 408 1088; x_wconf 78' lang='lat' dir='ltr'>satis</span> <span class='ocrx_word' id='word_1_113' title='bbox 431 1048 639 1089; x_wconf 72' lang='lat' dir='ltr'>constabat</span> <span class='ocrx_word' id='word_1_114' title='bbox 662 1049 840 1103; x_wconf 87' lang='lat' dir='ltr'>primum</span> <span class='ocrx_word' id='word_1_115' title='bbox 864 1048 905 1088; x_wconf 86' lang='lat' dir='ltr'>in</span> <span class='ocrx_word' id='word_1_116' title='bbox 942 1048 1058 1088; x_wconf 72' lang='lat' dir='ltr'>Italia</span> <span class='ocrx_word' id='word_1_117' title='bbox 1081 1048 1172 1098; x_wconf 81' lang='lat' dir='ltr'>effe,</span> <span class='ocrx_word' id='word_1_118' title='bbox 1205 1047 1300 1088; x_wconf 90' lang='lat' dir='ltr'>urbs</span> <span class='ocrx_word' id='word_1_119' title='bbox 1327 1047 1477 1087; x_wconf 84' lang='lat' dir='ltr'>servata</span> 
     </span>
     <span class='ocr_line' id='line_1_16' title="bbox 164 1106 1477 1161; baseline 0 -15"><span class='ocrx_word' id='word_1_120' title='bbox 164 1106 240 1156; x_wconf 85' lang='lat' dir='ltr'>est,</span> <span class='ocrx_word' id='word_1_121' title='bbox 274 1117 319 1146; x_wconf 89' lang='lat' dir='ltr'>ut</span> <span class='ocrx_word' id='word_1_122' title='bbox 359 1108 453 1147; x_wconf 84' lang='lat' dir='ltr'>effet</span> <span class='ocrx_word' id='word_1_123' title='bbox 477 1108 611 1161; x_wconf 82' lang='lat' dir='ltr'>aliqua</span> <span class='ocrx_word' id='word_1_124' title='bbox 644 1117 850 1147; x_wconf 87' lang='lat' dir='ltr'>aratorum</span> <span class='ocrx_word' id='word_1_125' title='bbox 884 1107 1010 1147; x_wconf 79' lang='lat' dir='ltr'>sedes.</span> <span class='ocrx_word' id='word_1_126' title='bbox 1045 1107 1134 1147; x_wconf 86' lang='lat' dir='ltr'>urbi</span> <span class='ocrx_word' id='word_1_127' title='bbox 1167 1106 1477 1160; x_wconf 83' lang='lat' dir='ltr'>frequentandae</span> 
     </span>
     <span class='ocr_line' id='line_1_17' title="bbox 165 1165 1478 1220; baseline -0.001 -16"><span class='ocrx_word' id='word_1_128' title='bbox 165 1165 389 1206; x_wconf 88' lang='lat' dir='ltr'>multitudo</span> <span class='ocrx_word' id='word_1_129' title='bbox 415 1167 681 1220; x_wconf 86' lang='lat' dir='ltr'>†incolarum</span> <span class='ocrx_word' id='word_1_130' title='bbox 724 1165 1090 1219; x_wconf 78' lang='lat' dir='ltr'>libertinorumque</span> <span class='ocrx_word' id='word_1_131' title='bbox 1130 1169 1168 1207; x_wconf 66' lang='grc' dir='ltr'>δε</span> <span class='ocrx_word' id='word_1_132' title='bbox 1205 1171 1219 1216; x_wconf 80' lang='grc' dir='ltr'><strong>Η</strong></span> <span class='ocrx_word' id='word_1_133' title='bbox 1248 1165 1478 1205; x_wconf 84' lang='lat' dir='ltr'>institorum</span> 
     </span>
     <span class='ocr_line' id='line_1_18' title="bbox 165 1223 1478 1280; baseline 0 -17"><span class='ocrx_word' id='word_1_134' title='bbox 165 1223 445 1278; x_wconf 88' lang='lat' dir='ltr'>opificumque</span> <span class='ocrx_word' id='word_1_135' title='bbox 473 1235 628 1265; x_wconf 83' lang='lat' dir='ltr'>retenta</span> <span class='ocrx_word' id='word_1_136' title='bbox 649 1240 657 1265; x_wconf 80' lang='lat' dir='ltr'>z</span> <span class='ocrx_word' id='word_1_137' title='bbox 689 1238 785 1280; x_wconf 79' lang='lat' dir='ltr'>ager</span> <span class='ocrx_word' id='word_1_138' title='bbox 807 1224 940 1264; x_wconf 85' lang='lat' dir='ltr'>omnis</span> <span class='ocrx_word' id='word_1_139' title='bbox 966 1227 1002 1265; x_wconf 71' lang='grc' dir='ltr'>δε</span> <span class='ocrx_word' id='word_1_140' title='bbox 1029 1223 1137 1264; x_wconf 63' lang='lat' dir='ltr'>tecla</span> <span class='ocrx_word' id='word_1_141' title='bbox 1159 1224 1320 1278; x_wconf 86' lang='lat' dir='ltr'>publiea</span> <span class='ocrx_word' id='word_1_142' title='bbox 1337 1224 1478 1279; x_wconf 87' lang='lat' dir='ltr'>populi</span> 
     </span>
     <span class='ocr_line' id='line_1_19' title="bbox 166 1281 1479 1336; baseline -0.001 -14"><span class='ocrx_word' id='word_1_143' title='bbox 166 1282 348 1322; x_wconf 86' lang='lat' dir='ltr'>Romani</span> <span class='ocrx_word' id='word_1_144' title='bbox 383 1283 507 1323; x_wconf 62' lang='lat' dir='ltr'>faeta.</span> <span class='ocrx_word' id='word_1_145' title='bbox 569 1283 765 1323; x_wconf 80' lang='lat' dir='ltr'>Ceterum</span> <span class='ocrx_word' id='word_1_146' title='bbox 787 1283 960 1322; x_wconf 82' lang='lat' dir='ltr'>habitari</span> <span class='ocrx_word' id='word_1_147' title='bbox 982 1281 1169 1331; x_wconf 62' lang='lat' dir='ltr'>tanturm.</span> <span class='ocrx_word' id='word_1_148' title='bbox 1192 1292 1386 1336; x_wconf 83' lang='lat' dir='ltr'>tanquam</span> <span class='ocrx_word' id='word_1_149' title='bbox 1410 1296 1479 1322; x_wconf 88' lang='lat' dir='ltr'>ur-</span> 
     </span>
     <span class='ocr_line' id='line_1_20' title="bbox 163 1340 1477 1396; baseline -0.001 -15"><span class='ocrx_word' id='word_1_150' title='bbox 163 1340 278 1391; x_wconf 84' lang='lat' dir='ltr'>bem,</span> <span class='ocrx_word' id='word_1_151' title='bbox 311 1341 514 1396; x_wconf 83' lang='lat' dir='ltr'>Capuam,</span> <span class='ocrx_word' id='word_1_152' title='bbox 548 1341 883 1395; x_wconf 81' lang='lat' dir='ltr'>frequentarique</span> <span class='ocrx_word' id='word_1_153' title='bbox 906 1342 1082 1395; x_wconf 83' lang='lat' dir='ltr'>placuit:</span> <span class='ocrx_word' id='word_1_154' title='bbox 1134 1355 1284 1396; x_wconf 84' lang='lat' dir='ltr'>corpus</span> <span class='ocrx_word' id='word_1_155' title='bbox 1315 1341 1477 1381; x_wconf 88' lang='lat' dir='ltr'>nullum</span> 
     </span>
     <span class='ocr_line' id='line_1_21' title="bbox 162 1398 1480 1454; baseline 0.001 -15"><span class='ocrx_word' id='word_1_156' title='bbox 162 1398 356 1450; x_wconf 78' lang='lat' dir='ltr'>civitatis,</span> <span class='ocrx_word' id='word_1_157' title='bbox 390 1414 463 1440; x_wconf 87' lang='lat' dir='ltr'>nec</span> <span class='ocrx_word' id='word_1_158' title='bbox 501 1398 751 1453; x_wconf 64' lang='lat' dir='ltr'>senatu-svs4),</span> <span class='ocrx_word' id='word_1_159' title='bbox 775 1414 848 1440; x_wconf 83' lang='lat' dir='ltr'>nec</span> <span class='ocrx_word' id='word_1_160' title='bbox 872 1400 1000 1454; x_wconf 86' lang='lat' dir='ltr'>plebis</span> <span class='ocrx_word' id='word_1_161' title='bbox 1023 1400 1262 1452; x_wconf 87' lang='lat' dir='ltr'>concilium,</span> <span class='ocrx_word' id='word_1_162' title='bbox 1295 1414 1369 1440; x_wconf 88' lang='lat' dir='ltr'>nec</span> <span class='ocrx_word' id='word_1_163' title='bbox 1392 1414 1480 1440; x_wconf 84' lang='lat' dir='ltr'>ma-</span> 
     </span>
     <span class='ocr_line' id='line_1_22' title="bbox 163 1457 1477 1513; baseline 0.001 -16"><span class='ocrx_word' id='word_1_164' title='bbox 163 1457 355 1512; x_wconf 83' lang='lat' dir='ltr'>gistratus</span> <span class='ocrx_word' id='word_1_165' title='bbox 377 1459 467 1498; x_wconf 83' lang='lat' dir='ltr'>effe.</span> <span class='ocrx_word' id='word_1_166' title='bbox 493 1459 572 1498; x_wconf 81' lang='lat' dir='ltr'>siue</span> <span class='ocrx_word' id='word_1_167' title='bbox 604 1459 770 1498; x_wconf 82' lang='lat' dir='ltr'>consilio</span> <span class='ocrx_word' id='word_1_168' title='bbox 802 1458 985 1513; x_wconf 86' lang='lat' dir='ltr'>publico,</span> <span class='ocrx_word' id='word_1_169' title='bbox 1018 1459 1097 1498; x_wconf 87' lang='lat' dir='ltr'>fine</span> <span class='ocrx_word' id='word_1_170' title='bbox 1130 1458 1303 1512; x_wconf 89' lang='lat' dir='ltr'>imperio</span> <span class='ocrx_word' id='word_1_171' title='bbox 1337 1459 1477 1498; x_wconf 83' lang='lat' dir='ltr'>multi-</span> 
     </span>
     <span class='ocr_line' id='line_1_23' title="bbox 141 1516 1475 1566; baseline 0.001 -11"><span class='ocrx_word' id='word_1_172' title='bbox 141 1516 366 1566; x_wconf 68' lang='lat' dir='ltr'>tudinem,</span> <span class='ocrx_word' id='word_1_173' title='bbox 399 1517 550 1557; x_wconf 80' lang='lat' dir='ltr'>nullius</span> <span class='ocrx_word' id='word_1_174' title='bbox 573 1518 631 1557; x_wconf 89' lang='lat' dir='ltr'>rei</span> <span class='ocrx_word' id='word_1_175' title='bbox 653 1517 760 1556; x_wconf 91' lang='lat' dir='ltr'>inter</span> <span class='ocrx_word' id='word_1_176' title='bbox 778 1516 815 1557; x_wconf 90' lang='lat' dir='ltr'>se</span> <span class='ocrx_word' id='word_1_177' title='bbox 838 1517 1002 1566; x_wconf 87' lang='lat' dir='ltr'>sociam,</span> <span class='ocrx_word' id='word_1_178' title='bbox 1026 1519 1075 1557; x_wconf 88' lang='lat' dir='ltr'>ad</span> <span class='ocrx_word' id='word_1_179' title='bbox 1099 1517 1337 1557; x_wconf 85' lang='lat' dir='ltr'>consensum</span> <span class='ocrx_word' id='word_1_180' title='bbox 1360 1516 1475 1557; x_wconf 89' lang='lat' dir='ltr'>inha-</span> 
     </span>
     <span class='ocr_line' id='line_1_24' title="bbox 164 1574 1476 1631; baseline -0.001 -15"><span class='ocrx_word' id='word_1_181' title='bbox 164 1574 289 1616; x_wconf 86' lang='lat' dir='ltr'>bilem</span> <span class='ocrx_word' id='word_1_182' title='bbox 307 1575 435 1629; x_wconf 80' lang='lat' dir='ltr'>fore.‡</span> <span class='ocrx_word' id='word_1_183' title='bbox 455 1576 699 1630; x_wconf 62' lang='lat' dir='ltr'>praefectum</span> <span class='ocrx_word' id='word_1_184' title='bbox 715 1577 762 1615; x_wconf 89' lang='lat' dir='ltr'>ad</span> <span class='ocrx_word' id='word_1_185' title='bbox 782 1577 875 1631; x_wconf 87' lang='lat' dir='ltr'>jura</span> <span class='ocrx_word' id='word_1_186' title='bbox 896 1577 1103 1616; x_wconf 88' lang='lat' dir='ltr'>reddenda</span> <span class='ocrx_word' id='word_1_187' title='bbox 1126 1575 1174 1616; x_wconf 89' lang='lat' dir='ltr'>ab</span> <span class='ocrx_word' id='word_1_188' title='bbox 1195 1574 1332 1627; x_wconf 66' lang='lat' dir='ltr'>Rom-fi</span> <span class='ocrx_word' id='word_1_189' title='bbox 1355 1587 1476 1629; x_wconf 85' lang='lat' dir='ltr'>quot-</span> 
     </span>
     <span class='ocr_line' id='line_1_25' title="bbox 162 1634 1475 1688; baseline 0 -15"><span class='ocrx_word' id='word_1_190' title='bbox 162 1634 280 1674; x_wconf 85' lang='lat' dir='ltr'>annis</span> <span class='ocrx_word' id='word_1_191' title='bbox 303 1635 501 1675; x_wconf 80' lang='lat' dir='ltr'>miffuros.</span> <span class='ocrx_word' id='word_1_192' title='bbox 566 1635 626 1674; x_wconf 90' lang='lat' dir='ltr'>Ita</span> <span class='ocrx_word' id='word_1_193' title='bbox 657 1635 707 1675; x_wconf 86' lang='lat' dir='ltr'>ad</span> <span class='ocrx_word' id='word_1_194' title='bbox 733 1635 920 1688; x_wconf 79' lang='lat' dir='ltr'>Capuam</span> <span class='ocrx_word' id='word_1_195' title='bbox 942 1649 1005 1675; x_wconf 87' lang='lat' dir='ltr'>res</span> <span class='ocrx_word' id='word_1_196' title='bbox 1023 1634 1275 1688; x_wconf 80' lang='lat' dir='ltr'>Composltae,</span> <span class='ocrx_word' id='word_1_197' title='bbox 1310 1634 1475 1675; x_wconf 74' lang='lat' dir='ltr'>consilio</span> 
     </span>
     <span class='ocr_line' id='line_1_26' title="bbox 163 1692 1477 1748; baseline -0.001 -14"><span class='ocrx_word' id='word_1_198' title='bbox 163 1693 213 1734; x_wconf 81' lang='lat' dir='ltr'>ab</span> <span class='ocrx_word' id='word_1_199' title='bbox 245 1694 358 1733; x_wconf 88' lang='lat' dir='ltr'>omni</span> <span class='ocrx_word' id='word_1_200' title='bbox 391 1704 503 1748; x_wconf 89' lang='lat' dir='ltr'>parte</span> <span class='ocrx_word' id='word_1_201' title='bbox 539 1693 745 1734; x_wconf 80' lang='lat' dir='ltr'>laudabili.</span> <span class='ocrx_word' id='word_1_202' title='bbox 778 1692 911 1733; x_wconf 75' lang='lat' dir='ltr'>severe</span> <span class='ocrx_word' id='word_1_203' title='bbox 947 1695 984 1733; x_wconf 89' lang='lat'>&amp;</span> <span class='ocrx_word' id='word_1_204' title='bbox 1007 1694 1193 1733; x_wconf 88' lang='lat' dir='ltr'>celeriter</span> <span class='ocrx_word' id='word_1_205' title='bbox 1230 1694 1272 1733; x_wconf 89' lang='lat' dir='ltr'>in</span> <span class='ocrx_word' id='word_1_206' title='bbox 1299 1693 1477 1733; x_wconf 68' lang='lat' dir='ltr'>maxime</span> 
     </span>
     <span class='ocr_line' id='line_1_27' title="bbox 162 1751 1477 1806; baseline 0 -14"><span class='ocrx_word' id='word_1_207' title='bbox 162 1752 306 1793; x_wconf 82' lang='lat' dir='ltr'>noxios</span> <span class='ocrx_word' id='word_1_208' title='bbox 347 1751 702 1792; x_wconf 86' lang='lat' dir='ltr'>animadversum:</span> <span class='ocrx_word' id='word_1_209' title='bbox 755 1752 977 1792; x_wconf 88' lang='lat' dir='ltr'>multitudo</span> <span class='ocrx_word' id='word_1_210' title='bbox 1019 1752 1171 1792; x_wconf 89' lang='lat' dir='ltr'>civium</span> <span class='ocrx_word' id='word_1_211' title='bbox 1209 1752 1391 1806; x_wconf 79' lang='lat' dir='ltr'>dissipata</span> <span class='ocrx_word' id='word_1_212' title='bbox 1434 1751 1477 1792; x_wconf 89' lang='lat' dir='ltr'>in</span> 
     </span>
     <span class='ocr_line' id='line_1_28' title="bbox 161 1809 1479 1865; baseline -0.001 -15"><span class='ocrx_word' id='word_1_213' title='bbox 161 1812 318 1851; x_wconf 87' lang='lat' dir='ltr'>nullam</span> <span class='ocrx_word' id='word_1_214' title='bbox 353 1810 464 1865; x_wconf 88' lang='lat' dir='ltr'>spem</span> <span class='ocrx_word' id='word_1_215' title='bbox 507 1809 690 1851; x_wconf 68' lang='lat' dir='ltr'>reditus:</span> <span class='ocrx_word' id='word_1_216' title='bbox 724 1825 807 1851; x_wconf 92' lang='lat' dir='ltr'>non</span> <span class='ocrx_word' id='word_1_217' title='bbox 833 1811 1018 1851; x_wconf 84' lang='lat' dir='ltr'>saevitum</span> <span class='ocrx_word' id='word_1_218' title='bbox 1043 1811 1242 1852; x_wconf 84' lang='lat' dir='ltr'>incendiis</span> <span class='ocrx_word' id='word_1_219' title='bbox 1271 1810 1479 1865; x_wconf 87' lang='lat' dir='ltr'>ruinisque</span> 
     </span>
     <span class='ocr_line' id='line_1_29' title="bbox 160 1869 1479 1923; baseline -0.002 -13"><span class='ocrx_word' id='word_1_220' title='bbox 160 1870 205 1910; x_wconf 87' lang='lat' dir='ltr'>in</span> <span class='ocrx_word' id='word_1_221' title='bbox 227 1869 335 1910; x_wconf 52' lang='lat' dir='ltr'>tedia</span> <span class='ocrx_word' id='word_1_222' title='bbox 358 1869 524 1910; x_wconf 87' lang='lat' dir='ltr'>innoxia</span> <span class='ocrx_word' id='word_1_223' title='bbox 547 1869 766 1923; x_wconf 88' lang='lat' dir='ltr'>murosque</span> <span class='ocrx_word' id='word_1_224' title='bbox 786 1885 794 1910; x_wconf 77' lang='grc' dir='ltr'>ε</span> <span class='ocrx_word' id='word_1_225' title='bbox 831 1872 868 1909; x_wconf 74' lang='grc'>8(</span> <span class='ocrx_word' id='word_1_226' title='bbox 889 1884 984 1910; x_wconf 90' lang='lat' dir='ltr'>cum</span> <span class='ocrx_word' id='word_1_227' title='bbox 1013 1870 1294 1910; x_wconf 89' lang='lat' dir='ltr'>emolumento</span> <span class='ocrx_word' id='word_1_228' title='bbox 1314 1869 1479 1923; x_wconf 73' lang='lat' dir='ltr'>quaesita</span> 
     </span>
     <span class='ocr_line' id='line_1_30' title="bbox 162 1927 1480 1982; baseline -0.002 -14"><span class='ocrx_word' id='word_1_229' title='bbox 162 1928 286 1969; x_wconf 84' lang='lat' dir='ltr'>etiarn</span> <span class='ocrx_word' id='word_1_230' title='bbox 309 1930 417 1982; x_wconf 86' lang='lat' dir='ltr'>apud</span> <span class='ocrx_word' id='word_1_231' title='bbox 440 1928 569 1968; x_wconf 85' lang='lat' dir='ltr'>socios</span> <span class='ocrx_word' id='word_1_232' title='bbox 589 1928 766 1969; x_wconf 78' lang='lat' dir='ltr'>lenitatis</span> <span class='ocrx_word' id='word_1_233' title='bbox 799 1927 1033 1982; x_wconf 77' lang='lat' dir='ltr'>species(5)‚</span> <span class='ocrx_word' id='word_1_234' title='bbox 1067 1928 1346 1968; x_wconf 86' lang='lat' dir='ltr'>incolumitate</span> <span class='ocrx_word' id='word_1_235' title='bbox 1368 1927 1480 1968; x_wconf 75' lang='lat' dir='ltr'>urbis</span> 
     </span>
     <span class='ocr_line' id='line_1_31' title="bbox 163 1986 1482 2042; baseline -0.002 -15"><span class='ocrx_word' id='word_1_236' title='bbox 163 1986 415 2027; x_wconf 84' lang='lat' dir='ltr'>nobiliffimae</span> <span class='ocrx_word' id='word_1_237' title='bbox 438 1986 846 2041; x_wconf 83' lang='lat' dir='ltr'>opulentisfimaeque,</span> <span class='ocrx_word' id='word_1_238' title='bbox 879 1988 996 2042; x_wconf 86' lang='lat' dir='ltr'>cujus</span> <span class='ocrx_word' id='word_1_239' title='bbox 1029 1987 1157 2026; x_wconf 78' lang='lat' dir='ltr'>ruinis</span> <span class='ocrx_word' id='word_1_240' title='bbox 1186 1987 1321 2027; x_wconf 82' lang='lat' dir='ltr'>omnis</span> <span class='ocrx_word' id='word_1_241' title='bbox 1358 1986 1482 2027; x_wconf 90' lang='lat' dir='ltr'>Cam-</span> 
     </span>
     <span class='ocr_line' id='line_1_32' title="bbox 163 2044 1483 2101; baseline -0.002 -15"><span class='ocrx_word' id='word_1_242' title='bbox 163 2045 303 2101; x_wconf 88' lang='lat' dir='ltr'>pania,</span> <span class='ocrx_word' id='word_1_243' title='bbox 336 2059 496 2095; x_wconf 87' lang='lat' dir='ltr'>omnes,</span> <span class='ocrx_word' id='word_1_244' title='bbox 532 2044 604 2099; x_wconf 86' lang='lat' dir='ltr'>qui</span> <span class='ocrx_word' id='word_1_245' title='bbox 645 2044 916 2099; x_wconf 81' lang='lat' dir='ltr'>Campaniam</span> <span class='ocrx_word' id='word_1_246' title='bbox 955 2044 1065 2086; x_wconf 70' lang='lat' dir='ltr'>circa</span> <span class='ocrx_word' id='word_1_247' title='bbox 1101 2046 1308 2095; x_wconf 76' lang='lat' dir='ltr'>accolunt,</span> <span class='ocrx_word' id='word_1_248' title='bbox 1340 2045 1483 2100; x_wconf 90' lang='lat' dir='ltr'>populi</span> 
     </span>
    </p>
   </div>
   <div class='ocr_carea' id='block_1_3' title="bbox 162 2161 1488 2661">
    <p class='ocr_par' dir='ltr' id='par_1_3' title="bbox 162 2161 1488 2661">
     <span class='ocr_line' id='line_1_33' title="bbox 164 2161 1485 2205; baseline -0.002 -9"><span class='ocrx_word' id='word_1_249' title='bbox 164 2165 224 2205; x_wconf 85' lang='lat'>(2)</span> <span class='ocrx_word' id='word_1_250' title='bbox 247 2164 344 2195; x_wconf 88' lang='lat' dir='ltr'>Hanc</span> <span class='ocrx_word' id='word_1_251' title='bbox 370 2170 481 2194; x_wconf 85' lang='lat' dir='ltr'>tamen</span> <span class='ocrx_word' id='word_1_252' title='bbox 512 2162 690 2194; x_wconf 83' lang='lat' dir='ltr'>formulam</span> <span class='ocrx_word' id='word_1_253' title='bbox 712 2162 774 2194; x_wconf 76' lang='lat' dir='ltr'>ess&#39;e</span> <span class='ocrx_word' id='word_1_254' title='bbox 803 2163 981 2195; x_wconf 85' lang='lat' dir='ltr'>sollennem</span> <span class='ocrx_word' id='word_1_255' title='bbox 1011 2163 1145 2201; x_wconf 83' lang='lat' dir='ltr'>constat,</span> <span class='ocrx_word' id='word_1_256' title='bbox 1182 2161 1248 2205; x_wconf 65' lang='lat' dir='ltr'>qua</span> <span class='ocrx_word' id='word_1_257' title='bbox 1276 2163 1485 2195; x_wconf 82' lang='lat' dir='ltr'>voluntatem</span> 
     </span>
     <span class='ocr_line' id='line_1_34' title="bbox 165 2207 1485 2251; baseline -0.002 -10"><span class='ocrx_word' id='word_1_258' title='bbox 165 2220 256 2242; x_wconf 69' lang='lat' dir='ltr'>suam</span> <span class='ocrx_word' id='word_1_259' title='bbox 280 2207 519 2250; x_wconf 84' lang='lat' dir='ltr'>magistratibus</span> <span class='ocrx_word' id='word_1_260' title='bbox 543 2217 672 2240; x_wconf 84' lang='lat' dir='ltr'>senatus</span> <span class='ocrx_word' id='word_1_261' title='bbox 697 2207 873 2240; x_wconf 88' lang='lat' dir='ltr'>indicabat.</span> <span class='ocrx_word' id='word_1_262' title='bbox 937 2209 1095 2251; x_wconf 81' lang='lat' dir='ltr'>Exempla</span> <span class='ocrx_word' id='word_1_263' title='bbox 1119 2209 1188 2240; x_wconf 82' lang='lat' dir='ltr'>vid.</span> <span class='ocrx_word' id='word_1_264' title='bbox 1214 2213 1312 2251; x_wconf 77' lang='lat' dir='ltr'>supra</span> <span class='ocrx_word' id='word_1_265' title='bbox 1330 2209 1355 2242; x_wconf 83' lang='lat' dir='ltr'>l.</span> <span class='ocrx_word' id='word_1_266' title='bbox 1376 2217 1428 2241; x_wconf 84' lang='lat'>22.</span> <span class='ocrx_word' id='word_1_267' title='bbox 1455 2218 1485 2239; x_wconf 93' lang='lat' dir='ltr'>c.</span> 
     </span>
     <span class='ocr_line' id='line_1_35' title="bbox 167 2253 1485 2297; baseline -0.002 -10"><span class='ocrx_word' id='word_1_268' title='bbox 167 2265 220 2296; x_wconf 85' lang='lat'>33.</span> <span class='ocrx_word' id='word_1_269' title='bbox 233 2255 255 2287; x_wconf 89' lang='lat' dir='ltr'>l.</span> <span class='ocrx_word' id='word_1_270' title='bbox 278 2264 330 2293; x_wconf 79' lang='lat'>25.</span> <span class='ocrx_word' id='word_1_271' title='bbox 348 2264 376 2285; x_wconf 89' lang='lat' dir='ltr'>c.</span> <span class='ocrx_word' id='word_1_272' title='bbox 390 2263 430 2291; x_wconf 84' lang='lat'>41</span> <span class='ocrx_word' id='word_1_273' title='bbox 462 2254 494 2284; x_wconf 84' lang='lat'>&amp;</span> <span class='ocrx_word' id='word_1_274' title='bbox 510 2253 598 2284; x_wconf 86' lang='lat' dir='ltr'>alibi.</span> <span class='ocrx_word' id='word_1_275' title='bbox 653 2253 774 2284; x_wconf 60' lang='lat' dir='ltr'>Eadem</span> <span class='ocrx_word' id='word_1_276' title='bbox 791 2253 933 2286; x_wconf 66' lang='lat' dir='ltr'>formula</span> <span class='ocrx_word' id='word_1_277' title='bbox 955 2254 990 2285; x_wconf 86' lang='lat' dir='ltr'>in</span> <span class='ocrx_word' id='word_1_278' title='bbox 1007 2253 1244 2286; x_wconf 85' lang='lat' dir='ltr'>summovendo</span> <span class='ocrx_word' id='word_1_279' title='bbox 1262 2255 1388 2297; x_wconf 89' lang='lat' dir='ltr'>populo</span> <span class='ocrx_word' id='word_1_280' title='bbox 1412 2253 1485 2285; x_wconf 65' lang='lat' dir='ltr'>usoz</span> 
     </span>
     <span class='ocr_line' id='line_1_36' title="bbox 165 2298 1487 2342; baseline -0.002 -9"><span class='ocrx_word' id='word_1_281' title='bbox 165 2300 227 2333; x_wconf 82' lang='lat' dir='ltr'>effe</span> <span class='ocrx_word' id='word_1_282' title='bbox 251 2299 453 2342; x_wconf 82' lang='lat' dir='ltr'>magistratus</span> <span class='ocrx_word' id='word_1_283' title='bbox 470 2298 569 2340; x_wconf 70' lang='lat' dir='ltr'>supra</span> <span class='ocrx_word' id='word_1_284' title='bbox 586 2298 727 2330; x_wconf 80' lang='lat' dir='ltr'>vidimus</span> <span class='ocrx_word' id='word_1_285' title='bbox 752 2299 774 2331; x_wconf 91' lang='lat' dir='ltr'>l.</span> <span class='ocrx_word' id='word_1_286' title='bbox 796 2309 814 2331; x_wconf 85' lang='lat'>2</span> <span class='ocrx_word' id='word_1_287' title='bbox 844 2311 870 2331; x_wconf 90' lang='lat' dir='ltr'>c.</span> <span class='ocrx_word' id='word_1_288' title='bbox 886 2300 942 2339; x_wconf 81' lang='lat'>56.</span> <span class='ocrx_word' id='word_1_289' title='bbox 962 2301 999 2330; x_wconf 92' lang='lat' dir='ltr'>E·</span> <span class='ocrx_word' id='word_1_290' title='bbox 1050 2301 1107 2341; x_wconf 83' lang='lat'>(3)</span> <span class='ocrx_word' id='word_1_291' title='bbox 1134 2300 1237 2331; x_wconf 86' lang='lat' dir='ltr'>Fulvii</span> <span class='ocrx_word' id='word_1_292' title='bbox 1263 2308 1373 2332; x_wconf 89' lang='lat' dir='ltr'>tamen</span> <span class='ocrx_word' id='word_1_293' title='bbox 1398 2299 1487 2331; x_wconf 88' lang='lat' dir='ltr'>seve-</span> 
     </span>
     <span class='ocr_line' id='line_1_37' title="bbox 165 2344 1486 2386; baseline -0.002 -7"><span class='ocrx_word' id='word_1_294' title='bbox 165 2347 299 2378; x_wconf 85' lang='lat' dir='ltr'>ritatem</span> <span class='ocrx_word' id='word_1_295' title='bbox 314 2344 375 2376; x_wconf 60' lang='lat' dir='ltr'>hac</span> <span class='ocrx_word' id='word_1_296' title='bbox 391 2345 525 2386; x_wconf 92' lang='lat' dir='ltr'>quidem</span> <span class='ocrx_word' id='word_1_297' title='bbox 549 2344 583 2375; x_wconf 89' lang='lat' dir='ltr'>in</span> <span class='ocrx_word' id='word_1_298' title='bbox 602 2352 696 2386; x_wconf 88' lang='lat' dir='ltr'>parte</span> <span class='ocrx_word' id='word_1_299' title='bbox 720 2344 868 2376; x_wconf 79' lang='lat' dir='ltr'>senatum</span> <span class='ocrx_word' id='word_1_300' title='bbox 892 2344 1049 2386; x_wconf 78' lang='lat' dir='ltr'>mitigasse</span> <span class='ocrx_word' id='word_1_301' title='bbox 1073 2345 1257 2378; x_wconf 86' lang='lat' dir='ltr'>videbimus</span> <span class='ocrx_word' id='word_1_302' title='bbox 1284 2345 1370 2376; x_wconf 71' lang='lat' dir='ltr'>infra</span> <span class='ocrx_word' id='word_1_303' title='bbox 1388 2356 1416 2377; x_wconf 91' lang='lat' dir='ltr'>c.</span> <span class='ocrx_word' id='word_1_304' title='bbox 1434 2354 1486 2384; x_wconf 87' lang='lat'>34.</span> 
     </span>
     <span class='ocr_line' id='line_1_38' title="bbox 164 2390 1488 2434; baseline -0.002 -11"><span class='ocrx_word' id='word_1_305' title='bbox 164 2393 222 2434; x_wconf 87' lang='lat'>(4)</span> <span class='ocrx_word' id='word_1_306' title='bbox 245 2391 436 2434; x_wconf 86' lang='lat' dir='ltr'>Legendum</span> <span class='ocrx_word' id='word_1_307' title='bbox 466 2390 599 2421; x_wconf 87' lang='lat' dir='ltr'>videtur</span> <span class='ocrx_word' id='word_1_308' title='bbox 612 2392 755 2431; x_wconf 66' lang='lat' dir='ltr'>firmium,</span> <span class='ocrx_word' id='word_1_309' title='bbox 779 2391 870 2431; x_wconf 86' lang='lat' dir='ltr'>quod</span> <span class='ocrx_word' id='word_1_310' title='bbox 902 2391 933 2421; x_wconf 76' lang='lat'>8&lt;</span> <span class='ocrx_word' id='word_1_311' title='bbox 959 2390 1086 2422; x_wconf 79' lang='lat' dir='ltr'>codices</span> <span class='ocrx_word' id='word_1_312' title='bbox 1113 2391 1266 2423; x_wconf 88' lang='lat' dir='ltr'>nonnulli</span> <span class='ocrx_word' id='word_1_313' title='bbox 1292 2393 1488 2433; x_wconf 78' lang='lat' dir='ltr'>praeferunt,</span> 
     </span>
     <span class='ocr_line' id='line_1_39' title="bbox 164 2434 1486 2479; baseline 0 -11"><span class='ocrx_word' id='word_1_314' title='bbox 164 2438 355 2479; x_wconf 85' lang='lat' dir='ltr'>veteresque</span> <span class='ocrx_word' id='word_1_315' title='bbox 372 2434 461 2467; x_wconf 79' lang='lat' dir='ltr'>editi.</span> <span class='ocrx_word' id='word_1_316' title='bbox 518 2436 634 2476; x_wconf 87' lang='lat' dir='ltr'>Neque</span> <span class='ocrx_word' id='word_1_317' title='bbox 663 2435 750 2466; x_wconf 88' lang='lat' dir='ltr'>enim</span> <span class='ocrx_word' id='word_1_318' title='bbox 768 2436 807 2467; x_wconf 83' lang='lat' dir='ltr'>de</span> <span class='ocrx_word' id='word_1_319' title='bbox 835 2436 947 2467; x_wconf 76' lang='lat' dir='ltr'>senatu</span> <span class='ocrx_word' id='word_1_320' title='bbox 965 2438 984 2475; x_wconf 86' lang='lat'>†</span> <span class='ocrx_word' id='word_1_321' title='bbox 1008 2439 1150 2468; x_wconf 73' lang='lat' dir='ltr'>concilium</span> <span class='ocrx_word' id='word_1_322' title='bbox 1169 2437 1257 2470; x_wconf 60' lang='lat' dir='ltr'>recle</span> <span class='ocrx_word' id='word_1_323' title='bbox 1284 2436 1429 2475; x_wconf 77' lang='lat' dir='ltr'>dicitur3</span> <span class='ocrx_word' id='word_1_324' title='bbox 1452 2436 1486 2467; x_wconf 77' lang='grc' dir='ltr'>δε</span> 
     </span>
     <span class='ocr_line' id='line_1_40' title="bbox 165 2479 1487 2526; baseline -0.001 -12"><span class='ocrx_word' id='word_1_325' title='bbox 165 2491 264 2526; x_wconf 74' lang='lat' dir='ltr'>corpus</span> <span class='ocrx_word' id='word_1_326' title='bbox 277 2481 394 2525; x_wconf 55' lang='lat' dir='ltr'>senatzls</span> <span class='ocrx_word' id='word_1_327' title='bbox 425 2481 499 2512; x_wconf 67' lang='lat' dir='ltr'>satis</span> <span class='ocrx_word' id='word_1_328' title='bbox 531 2479 732 2512; x_wconf 78' lang='lat' dir='ltr'>inusitatum.</span> <span class='ocrx_word' id='word_1_329' title='bbox 777 2481 834 2523; x_wconf 81' lang='lat'>(5)</span> <span class='ocrx_word' id='word_1_330' title='bbox 869 2481 947 2514; x_wconf 88' lang='lat' dir='ltr'>Vid.</span> <span class='ocrx_word' id='word_1_331' title='bbox 976 2484 1161 2524; x_wconf 73' lang='lat' dir='ltr'>†specic3sas.</span> <span class='ocrx_word' id='word_1_332' title='bbox 1225 2482 1388 2514; x_wconf 67' lang='lat' dir='ltr'>Caeterum</span> <span class='ocrx_word' id='word_1_333' title='bbox 1417 2482 1487 2513; x_wconf 86' lang='lat' dir='ltr'>haec</span> 
     </span>
     <span class='ocr_line' id='line_1_41' title="bbox 163 2526 1487 2569; baseline -0.003 -8"><span class='ocrx_word' id='word_1_334' title='bbox 163 2529 277 2561; x_wconf 89' lang='lat' dir='ltr'>omnia</span> <span class='ocrx_word' id='word_1_335' title='bbox 293 2527 420 2566; x_wconf 55' lang='lat' dir='ltr'>nollem⁴</span> <span class='ocrx_word' id='word_1_336' title='bbox 433 2526 567 2558; x_wconf 86' lang='lat' dir='ltr'>Livium</span> <span class='ocrx_word' id='word_1_337' title='bbox 585 2526 747 2569; x_wconf 71' lang='lat' dir='ltr'>scripsisse.</span> <span class='ocrx_word' id='word_1_338' title='bbox 795 2532 908 2569; x_wconf 83' lang='lat' dir='ltr'>Apage</span> <span class='ocrx_word' id='word_1_339' title='bbox 925 2527 1015 2558; x_wconf 89' lang='lat' dir='ltr'>istam</span> <span class='ocrx_word' id='word_1_340' title='bbox 1031 2530 1185 2566; x_wconf 77' lang='lat' dir='ltr'>lenitatem,</span> <span class='ocrx_word' id='word_1_341' title='bbox 1200 2527 1440 2568; x_wconf 80' lang='lat' dir='ltr'>consiliumque</span> <span class='ocrx_word' id='word_1_342' title='bbox 1450 2528 1487 2558; x_wconf 82' lang='lat' dir='ltr'>ab</span> 
     </span>
     <span class='ocr_line' id='line_1_42' title="bbox 162 2571 1488 2617; baseline -0.001 -11"><span class='ocrx_word' id='word_1_343' title='bbox 162 2577 238 2606; x_wconf 83' lang='lat' dir='ltr'>omni</span> <span class='ocrx_word' id='word_1_344' title='bbox 256 2581 340 2617; x_wconf 77' lang='lat' dir='ltr'>parte</span> <span class='ocrx_word' id='word_1_345' title='bbox 355 2573 524 2604; x_wconf 77' lang='lat' dir='ltr'>laudabile!</span> <span class='ocrx_word' id='word_1_346' title='bbox 567 2576 623 2611; x_wconf 83' lang='lat' dir='ltr'>At,</span> <span class='ocrx_word' id='word_1_347' title='bbox 639 2571 697 2615; x_wconf 87' lang='lat' dir='ltr'>qui</span> <span class='ocrx_word' id='word_1_348' title='bbox 714 2579 803 2606; x_wconf 77' lang='lat' dir='ltr'>totus</span> <span class='ocrx_word' id='word_1_349' title='bbox 824 2575 993 2606; x_wconf 80' lang='lat' dir='ltr'>Romanus</span> <span class='ocrx_word' id='word_1_350' title='bbox 1015 2573 1070 2613; x_wconf 87' lang='lat' dir='ltr'>est,</span> <span class='ocrx_word' id='word_1_351' title='bbox 1091 2585 1189 2606; x_wconf 89' lang='lat' dir='ltr'>omne</span> <span class='ocrx_word' id='word_1_352' title='bbox 1205 2584 1273 2605; x_wconf 86' lang='lat' dir='ltr'>nou</span> <span class='ocrx_word' id='word_1_353' title='bbox 1298 2575 1488 2605; x_wconf 82' lang='lat' dir='ltr'>Romanum</span> 
     </span>
     <span class='ocr_line' id='line_1_43' title="bbox 164 2619 587 2661; baseline -0.007 -9"><span class='ocrx_word' id='word_1_354' title='bbox 164 2630 183 2660; x_wconf 60' lang='grc' dir='ltr'><em>ῃ</em></span> <span class='ocrx_word' id='word_1_355' title='bbox 201 2621 230 2652; x_wconf 84' lang='lat' dir='ltr'>se</span> <span class='ocrx_word' id='word_1_356' title='bbox 254 2619 398 2652; x_wconf 83' lang='lat' dir='ltr'>alienum</span> <span class='ocrx_word' id='word_1_357' title='bbox 414 2625 520 2661; x_wconf 79' lang='lat' dir='ltr'>putat.</span> <span class='ocrx_word' id='word_1_358' title='bbox 546 2619 587 2650; x_wconf 92' lang='lat' dir='ltr'>E.</span> 
     </span>
    </p>
   </div>
   <div class='ocr_carea' id='block_1_4' title="bbox 1174 2662 1486 2720">
    <p class='ocr_par' dir='ltr' id='par_1_4' title="bbox 1174 2662 1486 2720">
     <span class='ocr_line' id='line_1_44' title="bbox 1174 2662 1486 2720; baseline -0.003 -16"><span class='ocrx_word' id='word_1_359' title='bbox 1174 2662 1459 2720; x_wconf 81' lang='lat' dir='ltr'>ingemuissent</span> <span class='ocrx_word' id='word_1_360' title='bbox 1475 2678 1486 2704; x_wconf 89' lang='lat'>:</span> 
     </span>
    </p>
   </div>
  </div>
 </body>
</html>
