1834 3099
332 216 562 261 LIBER
607 218 746 261 XXV.
803 215 962 260 CAP.
1007 217 1166 260 XXVI.

101 334 154 377 ad
194 334 416 377 tumultum
453 347 501 377 ex
537 345 649 391 parte
683 344 810 388 captae
832 333 957 383 urbis,
989 334 1207 383 Bomilcar,
1239 333 1404 374 noctem

101 409 193 435 eam
210 394 369 443 naetus,
391 396 469 448 qua
487 405 650 449 propter
677 394 759 432 vim
782 392 1028 446 tempestatis
1050 392 1150 431 stare
1186 394 1234 432 ad
1257 392 1406 432 ancho-

102 466 190 493 ram
211 453 251 491 in
275 452 355 492 salo
378 453 566 493 Romana
588 451 712 493 classis
730 465 811 490 non
828 450 967 504 posset,
990 465 1082 490 cum
1103 450 1264 503 triginta
1287 451 1405 503 quin-

100 524 181 564 que
202 510 371 550 navibus
392 525 440 550 ex
463 521 582 566 portu
618 508 868 565 Syracusano
891 507 1116 562 prosed‘ffls,
1148 508 1273 547 libero
1306 508 1407 547 mari

101 569 187 608 vela
225 568 265 607 in
298 570 424 609 altum
461 568 586 616 dedit,
619 568 798 621 quinque
823 569 863 607 &
901 565 1196 621 quinquaginta
1238 565 1406 606 navibus

100 625 293 681 Epicydae
323 629 363 667 &
405 626 662 682 Syracusanis
683 624 853 665 reliStis:
884 623 1118 678 edozffisque
1143 623 1408 677 Karthagini-

99 684 277 736 ensibus,
319 684 360 723 in
409 694 561 739 quanto
604 697 666 724 res
717 681 965 739 Syracusana
1014 682 1243 722 discrimine
1297 682 1408 732 esset,

101 756 196 781 cum
220 753 384 783 centum
424 742 591 783 navibus
622 741 710 795 post
741 755 892 795 paucos
918 741 1003 780 dies
1034 740 1152 788 redit,
1185 740 1323 780 multis
1346 743 1408 794 (ut

100 799 210 840 fama
225 800 299 854 est)
321 801 437 841 donis
459 814 507 840 ex
528 799 721 840 Hieronis
739 800 838 854 gaza
854 797 903 838 ab
920 799 1098 854 Epicyde
1123 799 1309 841 donatus.

159 858 322 900 XXVI.
346 859 586 907 Marcellus,
608 858 778 912 Euryalo
800 867 962 911 recepto
979 857 1240 911 praesrdioque
1254 856 1407 906 addito,

103 917 184 957 unzi
223 917 319 956 cur&
354 926 438 957 erat
459 922 483 969 †
517 916 631 965 liber,
667 930 718 955 ne
747 931 825 970 qua
849 915 897 954 ab
932 924 1046 969 tergo
1077 915 1135 954 vis
1162 914 1339 954 hostium
1363 914 1405 954 in

99 987 234 1014 arcem
256 984 420 1028 accepta
440 974 614 1015 inclusos
642 973 935 1028 impeditosque
968 973 1172 1013 moenibus
1201 973 1291 1013 suos
1322 984 1407 1012 tur-

101 1031 227 1072 baret.
292 1032 569 1073 Achradinam
612 1033 722 1083 inde,
755 1032 869 1072 trinis
893 1030 1029 1072 castris
1059 1046 1129 1086 per
1149 1032 1293 1071 idonea
1330 1031 1406 1070 dis-

100 1090 235 1146 politis
276 1091 380 1140 loca,
410 1091 475 1145 spe
513 1092 562 1131 ad
604 1091 782 1144 inopiam
825 1090 1010 1129 omnium
1049 1104 1184 1130 rerum
1231 1089 1405 1129 inclusos

102 1148 456 1203 (1)redaCturum‚
474 1149 743 1190 circumsedit.
795 1149 938 1206 Qum
954 1163 1024 1202 per
1041 1147 1194 1201 aliquot
1215 1147 1299 1187 dies
1317 1147 1406 1201 qui-

99 1216 174 1246 εἴτε
195 1206 384 1248 stationes
415 1208 606 1261 utrinque
638 1206 813 1255 fuissent,
835 1206 998 1260 repente
1021 1207 1216 1246 adventus
1245 1206 1407 1260 Hippo-

101 1264 222 1304 cratis
248 1267 286 1306 &
320 1265 586 1318 Himilconis,
623 1276 666 1305 ut
687 1271 711 1317 †
731 1267 837 1305 ultro
874 1265 1051 1318 undique
1073 1276 1406 1319 oppugnarentur

100 1322 298 1374 Romani,
331 1323 442 1365 fecit.
464 1338 558 1363 nam
595 1326 633 1364 &
658 1323 946 1377 Hippocrates,
968 1322 1104 1363 castris
1141 1323 1189 1362 ad
1211 1337 1404 1377 magnum

97 1391 262 1435 portum
286 1384 346 1434 (2)
368 1381 646 1431 communitis,
675 1381 867 1436 lignoque
898 1381 946 1421 iis
979 1382 1088 1431 dato,
1111 1381 1180 1434 qui
1204 1381 1406 1421 Achradi-

99 1453 194 1479 nam
230 1439 440 1489 tenebant,
472 1440 598 1480 castra
631 1450 764 1480 vetera
807 1440 1092 1479 Romanorum
1135 1440 1299 1479 adortus
1332 1438 1406 1488 est,

96 1497 246 1550 quibus
287 1496 497 1552 Crispinus
536 1507 724 1552 praeerat3
773 1500 810 1538 Β(
845 1496 1043 1553 Epicydes
1077 1497 1332 1552 eruptionem
1364 1498 1407 1537 in

98 1555 288 1596 stationes
306 1556 492 1597 Marcelli
514 1555 636 1597 fecit:
672 1558 707 1596 &
747 1555 872 1596 claffis
892 1554 1047 1595 Punica
1069 1555 1191 1605 litori,
1213 1557 1323 1610 quod
1345 1570 1408 1596 m-

98 1623 159 1654 ter
181 1614 324 1655 urbem
349 1617 391 1656 &
427 1614 555 1656 castra
596 1615 785 1655 Romana
816 1623 917 1664 erat,
942 1613 1105 1668 appulsa
1124 1614 1202 1662 est;
1233 1628 1283 1654 ne
1307 1614 1407 1668 quid

94 1673 267 1727 praefidii
284 1672 469 1728 Crispino
487 1672 666 1713 submitti
689 1688 711 1713 a
735 1674 935 1713 Marcello
957 1672 1094 1726 poffet.
1154 1672 1404 1712 Tumultum

97 1741 234 1771 tamen
251 1732 447 1787 majorem
467 1731 600 1773 hostes
622 1731 898 1786 praebuerunt‚
921 1730 1045 1784 quam
1068 1740 1286 1771 certamen.
1310 1745 1404 1771 nam

100 1792 138 1830 &
162 1788 372 1843 Crispinus
394 1789 676 1844 Hippocraten
708 1804 790 1829 non
813 1790 962 1844 repulit
984 1786 1144 1829 tanturn
1173 1789 1404 1830 munimen-

95 1847 162 1899 tis,
184 1847 251 1888 sed
268 1847 473 1889 insecutus
502 1848 624 1889 etiam
647 1848 703 1888 est
725 1847 880 1902 trepide
913 1847 1162 1903 fugientem:
1196 1851 1236 1889 δι’
1258 1848 1407 1903 Epicy-

95 1906 174 1946 den
191 1906 412 1948 Marcellus
447 1907 488 1946 in
518 1906 659 1948 urbem
697 1906 907 1961 compulit.
954 1906 1124 1960 satisque
1156 1907 1241 1961 jam
1283 1907 1406 1946 etiam

96 1965 138 2003 in
174 1964 380 2018 posterum
413 1965 626 2006 videbatur
646 1965 865 2019 provisum,
903 1979 952 2005 ne
984 1965 1081 2018 quid
1116 1963 1163 2004 ab
1185 1964 1405 2018 repentinis

97 2036 239 2062 eorum
287 2023 588 2064 excursionibus
627 2023 796 2077 periculi
831 2022 950 2063 foret.
1014 2022 1186 2063 Acceffit
1219 2025 1260 2064 &
1286 2022 1404 2076 pesti-

95 2080 235 2129 lentia,
257 2094 476 2121 commune
498 2082 665 2132 malum,
687 2083 796 2136 quod
818 2079 936 2122 facile
959 2091 1227 2133 utrorumque
1248 2081 1404 2121 animos

95 2148 293 2192 averteret
314 2153 335 2178 a
357 2138 451 2178 belli
472 2140 657 2180 consiliis.
680 2154 773 2179 nam
795 2149 976 2194 tempore
999 2139 1202 2189 autumni,
1236 2141 1273 2180 8(
1304 2138 1404 2179 locis

95 2197 238 2236 natura
255 2202 279 2249 †
299 2197 502 2251 gravibus,
519 2199 649 2237 multo
671 2207 806 2237 tamen
826 2197 953 2252 magis
976 2207 1086 2238 extra
1105 2197 1261 2246 urbem,
1279 2196 1403 2250 quam

95 2255 138 2295 in
171 2254 284 2303 urbe,
325 2255 577 2296 intoleranda
613 2256 672 2296 vis
700 2254 820 2296 aestssis
857 2270 928 2310 per
950 2266 1121 2308 utraque
1150 2255 1276 2296 castra
1315 2269 1404 2295 om-

93 2313 210 2352 nium
233 2312 361 2352 ferme
396 2327 565 2366 corpora
600 2314 804 2368 movit{3).
867 2314 919 2353 Et
958 2312 1091 2367 primo
1123 2313 1318 2367 temporis
1358 2327 1403 2353 ac

96 2371 175 2411 loci
198 2370 294 2411 vitio
334 2373 371 2411 8<
407 2371 504 2427 aegri
540 2382 669 2421 erant,
693 2374 732 2413 &z
755 2371 1048 2412 moriebantur:
1079 2371 1215 2426 postea
1248 2371 1404 2412 curatio

1321 2429 1405 2485 ipsa

145 2547 184 2578 C.
210 2546 261 2577 26.
286 2546 339 2586 (ι)
362 2546 633 2590 Subintelligitur‚
659 2554 695 2578 ut
710 2547 806 2588 saepe,
821 2548 1053 2588 pronomense.
1100 2547 1156 2587 (2)
1179 2549 1271 2578 Duos
1288 2554 1404 2589 portus

98 2592 261 2633 Syracusae
276 2591 408 2628 habent,
433 2603 516 2633 quos
546 2593 651 2623 lnsula
678 2591 796 2624 dividit
811 2592 922 2623 eadem
941 2593 973 2622 δε
999 2591 1110 2628 efficit,
1136 2594 1275 2624 alterum
1299 2593 1404 2623 altero

100 2636 262 2678 majorem.
309 2638 366 2680 (3)
380 2638 513 2670 Morbis
527 2637 645 2670 affecit.
655 2637 790 2670 Livium
805 2645 914 2670 autem
931 2645 1006 2669 ante
1022 2638 1134 2669 oculos
1153 2636 1296 2670 habuisse
1311 2638 1404 2668 Thu-

1278 2682 1405 2714 cvdidis

1426 1033 1589 1063 IlsIarcellm

1425 1079 1486 1108 Διί-ΣΙ.)
1491 1082 1617 1109 731de

1426 1137 1438 1154 c
1443 1124 1530 1168 hsidet.

1426 1234 1614 1275 Hippocrates

1430 1280 1467 1310 ’θ’
1484 1280 1610 1308 Himilco

1424 1326 1538 1355 veniunt
1552 1324 1607 1366 Sy-

1425 1371 1543 1410 magstat.

1424 2028 1592 2071 Pssilmtia.
