1834 3099
387 186 634 231 LIBER
698 182 862 231 XXIV.
953 187 1123 231 CAP.
1184 189 1238 234 X.

152 303 243 353 esse,
275 304 446 346 minoris
469 305 663 347 invidiam
692 304 821 355 suam,
854 304 880 346 fi
903 320 984 359 qua
1019 309 1083 363 (5)
1114 320 1164 348 ex
1199 321 1243 348 re
1279 307 1472 361 oriretur,

152 362 277 416 quam
299 364 517 404 utilitatem
538 364 788 418 reipublicae,
820 363 987 405 fecifl'et.

220 426 264 460 Υ.
300 422 398 480 Qo
421 423 485 462 die
508 422 789 477 magistratum
811 422 991 463 inierunt
1013 422 1216 474 consules,
1245 424 1406 467 senatus
1427 426 1472 467 in

149 478 356 535 Capitolio
393 480 450 520 est
486 480 675 520 habitus:
718 482 1012 534 decretumque
1046 482 1235 522 omnium
1271 485 1471 537 primum,

149 546 195 575 ut
228 537 415 579 consules
452 538 705 586 sortirentur,
738 545 763 591 †
792 549 1128 593 compararentve
1156 540 1262 580 inter
1291 541 1346 591 se,
1379 553 1470 583 uter

146 595 381 636 censoribus
403 597 589 637 creandis
623 596 790 636 comitia
812 597 996 647 haberet,
1027 598 1265 652 priusquam
1287 601 1337 638 ad
1354 614 1473 640 exer-

143 652 273 693 citum
320 654 657 709 proficisceretur.
724 656 996 709 Prorogatum
1044 656 1193 696 deinde
1245 656 1468 710 imperium

142 712 353 764 omnibus,
385 713 455 767 qui
489 713 537 752 ad
573 712 777 752 exercitus
814 724 944 763 erant,
972 714 1149 768 jussique
1180 714 1223 753 in
1245 716 1468 768 provinciis
1503 770 1505 772 ι

142 783 323 820 manere,
355 770 424 811 Ti.
447 770 664 811 Gracchus
686 771 888 820 Luceriae,
922 771 991 811 ubi
1014 784 1110 811 cum
1134 773 1330 813 volonum
1352 788 1468 814 exer-

141 827 227 868 citu
264 838 365 877 erat,
399 828 448 869 C.
477 828 699 869 Terentius
728 829 862 869 Varro
895 829 935 868 in
958 844 1057 884 agro
1087 830 1260 882 Piceno,
1295 835 1357 886 (1)
1386 833 1466 873 M.'

137 884 394 941 Pomponius
426 886 468 926 in
504 887 680 927 Gallico.
716 900 766 926 ex
798 888 1043 940 praetoribus
1079 889 1226 942 prioris
1258 891 1354 929 anni
1391 903 1467 944 pro

138 956 313 996 praetore
335 945 585 1003 QMucius
605 944 810 985 obtineret
830 946 1077 996 Sardiniam,
1110 947 1174 987 M.
1199 947 1391 988 Valerius
1413 949 1466 989 ad

135 1001 398 1043 Brundisium
420 1017 502 1043 orae
524 1003 759 1054 maritimae,
790 1003 972 1044 intentus
995 1004 1187 1046 adversus
1209 1019 1353 1046 omnes
1375 1021 1465 1048 mo·-

137 1070 204 1101 tus
241 1061 421 1116 Philippi
455 1062 739 1102 Macedonum
777 1062 900 1117 regis,
944 1061 1138 1117 praeeffet.
1181 1065 1225 1104 P.
1266 1064 1464 1107 Cornelio

134 1117 316 1160 Lentulo
347 1121 510 1174 praetori
538 1120 677 1161 Sicilia
711 1123 776 1174 (2)
812 1122 974 1161 decreta
1007 1121 1248 1174 provincia3
1279 1122 1334 1162 T.
1358 1123 1464 1164 Ota·

135 1177 375 1218 cilio-claslis
391 1179 550 1228 eadem,
583 1192 708 1232 quam
729 1177 923 1219 adversius
945 1179 1309 1235 Karthaginienses
1325 1182 1462 1235 priore

1616 207 1693 248 241

134 1249 242 1276 anno
271 1236 484 1278 habuisset.
546 1236 736 1291 Prodigia
758 1251 807 1276 eo
829 1251 938 1276 anno
973 1238 1102 1277 multa
1137 1239 1330 1279 nunciata
1354 1240 1461 1281 sunt.
1480 1254 1631 1297 Piodigia.

132 1308 225 1349 quae
264 1308 347 1348 quo
379 1294 508 1349 magis
531 1294 751 1335 credebant
768 1295 967 1349 [implices
990 1310 1035 1336 ac
1058 1295 1230 1351 religiofi
1253 1296 1461 1350 homines,

132 1367 182 1393 eo
199 1355 315 1408 plura
337 1353 665 1394 nunciabantur:
697 1353 874 1393 Lanuvii
897 1356 960 1408 (3)
982 1354 1022 1392 in
1044 1355 1131 1394 aede
1154 1354 1265 1395 intus
1286 1355 1461 1410 Sospitae

127 1411 308 1465 Junonis
330 1425 474 1452 corvos
495 1411 639 1450 nidum
657 1410 791 1451 feciffe
811 1426 819 1451 :
852 1411 893 1450 in
913 1412 1066 1466 Apulia
1083 1413 1263 1466 palmam
1284 1414 1460 1455 viridem

129 1469 284 1510 arfiffe:
317 1471 502 1510 Mantuae
525 1469 714 1523 stagnum
735 1468 910 1509 effusum
941 1472 1002 1524 (4)
1031 1470 1194 1510 Mincio
1228 1472 1340 1511 amni
1362 1487 1458 1514 cru-

127 1537 271 1568 entum
293 1527 449 1568 visum:
484 1530 523 1568 ὅ(
548 1527 717 1567 Calibus
739 1528 863 1574 creta,
899 1529 937 1567 ἃ
964 1528 1113 1568 Romae
1135 1528 1178 1567 in
1200 1527 1292 1569 foro
1314 1529 1455 1573 boario

127 1586 322 1643 sanguine
345 1586 509 1640 pluisse:
543 1588 584 1626 δε
608 1585 649 1624 in
672 1586 762 1626 vico
779 1585 921 1626 Istrico
943 1584 1103 1625 fontem
1121 1585 1193 1626 sub
1214 1588 1321 1628 terra
1338 1592 1452 1632 tanta

125 1645 165 1685 vi
200 1658 399 1700 aquarum
432 1643 603 1693 fluxisse,
636 1654 682 1683 ut
702 1643 821 1683 serias
855 1643 1065 1697 doliaque,
1097 1658 1190 1698 quae
1212 1645 1254 1685 in
1277 1660 1326 1687 eo
1359 1649 1453 1689 loco

125 1714 257 1755 erant,
281 1704 495 1757 provoluta
513 1702 625 1742 velut
645 1702 822 1756 impetus
843 1704 905 1756 (ς)
927 1702 1120 1742 torrentis
1141 1704 1308 1745 tulerit:
1340 1707 1451 1748 tacta

123 1762 174 1802 de
207 1764 316 1802 coelo
344 1762 495 1802 atrium
524 1759 735 1815 publicum
758 1760 799 1799 in
823 1760 1047 1814 Capitolio,
1079 1761 1211 1801 aedem
1236 1762 1279 1802 in
1302 1777 1452 1819 campo

120 1819 302 1861 Vulcani
317 1821 398 1875 (6),
419 1832 569 1859 nucem
587 1819 628 1858 in
645 1818 808 1859 Sabinis
824 1818 1117 1873 publicamque
1133 1819 1258 1869 viam,
1280 1835 1450 1864 murum

121 1892 168 1920 ac
205 1888 366 1933 portam
403 1877 564 1919 Gabiis.
626 1877 720 1932 Jam
752 1877 830 1916 alia
869 1877 1033 1933 vulgata
1069 1877 1268 1918 miracula
1302 1891 1418 1922 erant
1436 1897 1447 1923 :

182 1937 293 1979 Vox..
316 1936 395 1978 111.
777 1935 819 1976 R
1203 1938 1268 1993 (7)
1289 1936 1448 1981 hastam

118 2074 176 2117 (5)
199 2073 230 2106 Si
247 2073 329 2117 quid
343 2073 474 2107 invidiae
491 2084 530 2106 ex
546 2072 583 2106 ei
600 2085 636 2107 re
652 2072 811 2107 oriretur.
861 2073 903 2106 Et
919 2072 1066 2116 quidem,
1088 2083 1152 2118 pro
1167 2087 1203 2106 ex
1220 2088 1262 2114 re,
1284 2074 1318 2107 elz*
1341 2089 1372 2108 re
1398 2076 1444 2110 le·

117 2121 262 2163 gendum
289 2119 425 2162 quidam
455 2119 600 2153 censent.
649 2121 783 2152 Minoris
796 2120 920 2164 fecg’ffet,
943 2129 979 2152 ut
995 2119 1096 2163 supri
1126 2121 1148 2152 l.
1176 2130 1210 2154 2.
1236 2131 1263 2153 c.
1289 2131 1343 2162 13.
1365 2124 1447 2155 haud

116 2168 380 2254 Μαέἕῖζὲεηξι)
404 2211 466 2242 Μ.”
483 2210 707 2254 Pomponium
720 2209 754 2242 in
769 2209 912 2242 Galliam
928 2209 1058 2243 missum
1073 2222 1141 2243 non
1158 2212 1261 2244 modo
1276 2211 1441 2255 nusquam

116 2255 314 2289 memoravit
328 2256 454 2294 Livius,
467 2258 581 2289 verum
592 2257 692 2289 etiarn
704 2256 847 2288 Galliam
857 2256 1027 2299 superiore
1038 2268 1127 2288 anno
1139 2266 1277 2299 propter
1290 2258 1441 2301 inopiam

117 2301 262 2334 militum
278 2301 425 2334 omiffam
439 2302 550 2334 scribit
567 2302 667 2344 supra
685 2302 705 2333 l.
720 2308 775 2341 23.
794 2312 824 2333 c.
839 2311 892 2341 25.
931 2304 1038 2333 Porro
1053 2301 1141 2333 idem
1154 2302 1208 2333 ille
1222 2305 1440 2345 Pomponius,

115 2347 174 2389 qui
191 2347 246 2380 h‘ic
263 2347 429 2380 Gallicum
441 2359 557 2390 agrum
573 2347 726 2379 obtinere
738 2346 872 2383 dicitur,
888 2346 977 2377 infra
994 2358 1024 2378 c.
1044 2356 1091 2386 ¹7.
1104 2347 1138 2378 in
1154 2349 1336 2390 Campania
1353 2361 1439 2392 prae.

115 2394 197 2426 fidet
213 2393 322 2426 castris
333 2393 431 2436 super
443 2392 631 2425 Suessulam.
676 2394 728 2424 De
742 2391 870 2424 Gallico
887 2403 966 2434 agro
982 2392 1052 2423 vid.
1071 2401 1140 2424 not.
1152 2403 1183 2425 2.
1195 2394 1269 2425 adl.
1281 2403 1368 2434 23.c.
1385 2405 1437 2435 14.

114 2438 223 2482 supra.
267 2440 326 2482 (2)
350 2443 415 2482 Ap.
432 2439 610 2472 Claudium
626 2447 747 2475 tamen,
770 2436 827 2479 qui
844 2448 917 2468 eam
934 2437 1044 2479 priore
1061 2448 1150 2469 anno
1166 2446 1287 2480 praetor
1300 2439 1435 2473 obtinu-

113 2493 196 2523 erat,
218 2485 282 2517 hoc
295 2495 384 2516 anno
399 2495 533 2527 quoque
546 2485 580 2516 in
597 2483 705 2515 sicilia
717 2494 786 2514 rem
799 2481 929 2525 geffiffe‚
952 2482 1092 2514 ostendit
1109 2483 1225 2515 Livius
1238 2484 1326 2516 infra
1338 2497 1368 2518 c.
1382 2496 1434 2527 27.

112 2530 147 2562 δι
165 2540 217 2573 39.
264 2531 363 2563 Unde
382 2541 451 2562 non
467 2530 607 2562 dubium
618 2529 672 2564 est.
697 2528 778 2570 quin
792 2528 822 2560 ei
839 2537 984 2569 quoque,
1000 2537 1036 2560 ut
1049 2528 1131 2566 aliis,
1145 2529 1202 2571 qui
1214 2530 1256 2561 ad
1272 2531 1437 2565 exercitus

111 2584 218 2614 erant,
241 2584 457 2619 prorogatum
475 2575 575 2608 fuerit
596 2575 785 2618 imperium.
832 2575 891 2614 (3)
913 2574 1064 2606 Delenda
1090 2574 1221 2606 videtur
1248 2576 1436 2618 praepofitio

112 2623 156 2653 in.
203 2621 256 2654 Sic
271 2621 306 2653 in
324 2630 404 2654 vett.
430 2621 704 2664 inscriptionibus
725 2624 800 2651 intus
823 2620 937 2651 edibus.
982 2621 1040 2662 (4)
1063 2621 1256 2663 Stagnantes
1282 2632 1393 2663 aquas,
1415 2634 1435 2655 e

113 2666 244 2700 Mincio
256 2667 343 2702 amni
360 2666 544 2701 exundanti
557 2666 686 2700 effusas.
732 2666 790 2710 (5)
814 2666 963 2699 Placeret
978 2664 1081 2709 magis
1092 2669 1208 2711 impetu.
1254 2667 1313 2712 (6)
1335 2668 1435 2745 Iuli-el-

1111 2733 1123 2741 ,
1383 2724 1433 2756 ige
