1834 3099
443 139 687 182 LIBER
735 140 920 184 XXVII.
964 141 1126 184 CAP.
1173 142 1227 184 V.

151 250 294 307 fugati
325 255 508 312 afuerint,
542 274 612 299 non
634 260 696 316 ff
715 261 726 313 (
733 262 777 314 3)
798 277 810 298 :
842 274 963 300 omncs
997 260 1036 298 in
1059 261 1184 311 urbes,
1215 260 1255 298 in
1274 272 1384 313 agros
1406 258 1497 313 suos

166 312 347 363 reduc‘Jos,
378 332 509 366 arare,
530 317 660 372 strere
675 337 687 357 .·
719 317 896 374 ἅψνΐαηι
919 318 1027 358 recoli
1045 318 1193 358 tandem
1209 326 1373 367 terram,
1391 316 1491 374 fru-

157 370 325 426 gfi’ram
346 373 427 429 ipsis
448 376 667 428 cultoribus,
689 377 894 430 populoque
916 376 1085 417 Romano
1106 388 1200 430 pace
1219 393 1266 416 ac
1287 375 1493 431 bellofidis-

146 427 293 482 simum
313 433 694 490 annonaesuffdium.
756 435 864 475 Exin
888 433 1073 487 Mutine,
1105 437 1141 475 ὃ(
1170 435 1195 474 fi
1219 448 1398 488 quorum
1417 434 1491 476 ali-

162 501 283 528 orum
306 492 451 533 merita
472 507 568 548 erga
582 494 785 548 populum
817 493 1057 533 Romanum
1076 503 1205 538 erant,
1239 495 1281 533 in
1302 492 1489 534 senatum

160 545 425 600 introdutffis,
456 551 633 593 honores
653 552 862 602 omnibus,
894 553 943 592 acl
966 551 1253 592 exsolvendam
1276 551 1402 592 fidem
1426 554 1489 607 (4)

160 619 181 644 τι
205 607 386 658 consule,
417 610 558 651 habiti.
621 611 810 652 Mutines
833 611 956 651 etiam
979 611 1078 651 civis
1102 611 1322 651 Romanus
1335 610 1490 660 faetus,

159 666 372 720 rogatione
393 666 443 709 ab
474 668 640 710 tribuno
669 669 815 724 plebis,
846 683 896 709 ex
933 669 1179 710 auetoritate
1216 669 1404 718 Patrum,
1437 671 1487 709 ad

157 724 321 778 plebem
363 727 456 769 lata.
521 728 637 768 Dum
678 728 766 769 haec
791 729 939 770 Romae
958 738 1174 783 geruntur,
1204 728 1266 770 M.
1294 727 1489 769 Valerius

155 784 344 824 Messalla
366 787 665 843 quinquaginta
679 787 851 828 navibus
873 802 1003 842 quum
1027 798 1120 827 ante
1139 788 1275 827 lucem
1298 788 1349 827 ad
1373 785 1489 827 Afri-

160 856 251 883 cam
273 844 502 896 acceffifl‘et‚
534 845 760 900 improviso
779 846 820 886 in
853 860 998 902 agrum
1018 845 1264 893 Uticensem
1279 850 1303 899 ss
1320 845 1488 886 exscen-

157 901 309 942 sionem
332 902 461 945 fecit:
493 919 674 960 eumque
696 904 774 946 late
805 906 1095 960 depopulatus,
1129 897 1486 953 multis-mortali-

155 959 233 1002 bus
254 975 350 1002 cum
373 963 449 1003 alia
493 964 630 1004 omnis
664 965 825 1020 generis
847 965 983 1019 praeda
1006 964 1154 1019 captis,
1187 966 1235 1003 ad
1268 967 1390 1005 naves
1423 977 1486 1003 re-

151 1020 244 1071 diit,
296 1032 420 1076 atque
462 1021 504 1062 in
530 1022 712 1063 Siciliam
736 1028 758 1077 ss
783 1023 1022 1063 transmisit:
1075 1022 1361 1064 tertiodecimo
1404 1022 1484 1071 die.

154 1081 282 1134 quzlm
297 1080 510 1135 profeRus
533 1081 630 1122 inde
662 1094 764 1132 erat,
794 1081 1027 1138 Lilybaeum
1044 1081 1248 1123 reveffls.
1311 1081 1375 1123 Ex
1391 1095 1486 1136 cap-

153 1139 263 1188 tivis,
309 1139 533 1193 quaestione
553 1140 715 1189 habita,
747 1141 835 1182 hrec
858 1151 1086 1196 comperta,
1119 1139 1360 1195 consulique
1394 1140 1487 1182 Lae-

152 1198 250 1241 vino
272 1198 412 1239 omnia
447 1199 590 1240 ordine
614 1200 862 1255 perscripta‚-
885 1210 931 1240 ut
955 1200 1089 1252 sciret,
1122 1213 1206 1254 quo
1228 1198 1270 1239 in
1292 1199 1398 1240 statu
1421 1213 1485 1240 res

155 1257 312 1299 Africae
334 1257 472 1298 effent.
537 1258 723 1315 Qcinque
740 1260 859 1299 millia
882 1258 1143 1299 Numidarum
1158 1273 1243 1298 cum
1265 1256 1488 1316 Mtfingffd,

158 1316 265 1358 Galae
289 1316 395 1372 fllia,
425 1317 611 1358 acerrimo
636 1321 800 1373 juvene,
833 1317 1077 1373 Karthagine
1096 1318 1186 1375 effi;
1224 1317 1278 1359 ξδ’
1295 1317 1386 1357 alios
1412 1325 1489 1371 per

152 1384 269 1416 totam
292 1375 472 1431 Afi·icam
494 1376 631 1416 milites
652 1377 815 1417 mercede
834 1377 1004 1430 conduci,
1035 1378 1101 1431 qui
1120 1379 1159 1416 in
1183 1375 1415 1434 Iizspaniam
1435 1374 1490 1417 acl

159 1434 435 1490 th'drubalem
466 1436 766 1490 trty'icerentur:
817 1444 860 1475 ut
895 1438 942 1486 is,
974 1437 1090 1491 quam
1126 1436 1288 1475 maximo
1319 1436 1486 1476 exercitu

146 1495 274 1546 primo
305 1507 445 1549 quoque
470 1502 628 1548 tempore
667 1495 708 1534 in
745 1495 901 1535 Italiam
939 1494 1208 1552 transgreff'us,
1226 1495 1414 1549 jungeret
1436 1494 1488 1550 se

157 1552 386 1593 Hannibali.
427 1553 468 1592 in
503 1569 540 1594 eo
568 1552 721 1609 pqfitam
744 1555 942 1594 vinariam
964 1554 1112 1594 credere
1134 1552 1419 1608 Karthaginien
1434 1567 1484 1593 es.

156 1612 315 1670 Clcfflm
328 1619 511 1666 praeterea
540 1615 726 1667 ingentem
758 1614 943 1667 apparari
961 1613 1013 1653 ad
1033 1612 1205 1653 Siciliam
1236 1611 1487 1666 repetendam,

153 1686 305 1727 eamque
312 1672 358 1726 se
376 1670 525 1711 credere
549 1673 659 1712 brevi
677 1674 943 1727 trajeHuram.
1007 1671 1112 1712 Haec
1134 1670 1304 1711 recitata
1335 1686 1357 1712 a
1387 1684 1489 1712 con-

153 1729 238 1771 sule
274 1730 330 1771 ita
367 1727 531 1771 movere
573 1730 778 1782 senatum,
811 1741 856 1771 ut
892 1745 975 1772 non
1006 1729 1281 1785 exspe&anda
1319 1729 1488 1771 comitia

151 1789 309 1830 consuli
340 1788 568 1838 censerent,
602 1789 667 1830 sed
701 1789 949 1831 dielatorem
986 1789 1254 1831 comitiorum
1276 1788 1490 1830 habendo-

150 1863 246 1890 rum
265 1848 384 1890 caus&
406 1847 504 1899 dici,
538 1852 579 1890 &
603 1850 812 1904 extemplo
845 1849 887 1888 in
919 1848 1177 1903 provinciam
1208 1848 1487 1890 redeundum.

150 1907 226 1948 Illa
247 1907 488 1962 disceptatio
511 1907 691 1960 tenebat,
724 1909 836 1962 quod
858 1907 1001 1948 consul
1024 1908 1065 1947 in
1087 1906 1228 1948 Sicilia
1249 1906 1287 1946 se
1311 1907 1376 1947 M.
1402 1906 1488 1948 Va.-

152 2024 368 2066 dietumm
409 2024 486 2065 effe
522 2024 683 2066 aiebat:
726 2025 870 2066 Patres
903 2036 1018 2065 extra
1053 2025 1297 2065 Romanum
1338 2039 1486 2081 agrum

152 2087 267 2137 (eum
287 2094 427 2128 autem
449 2083 493 2122 in
524 2083 642 2125 Italia
671 2086 736 2140 (5)
757 2083 987 2137 terminari)
1010 2083 1214 2138 negabant
1235 2081 1486 2128 difiatorem

151 2143 233 2186 dici
245 2143 368 2198 poffe.
430 2141 495 2184 M.
512 2142 735 2185 Lucretius
756 2141 948 2185 tribunus
969 2141 1099 2198 plebis
1131 2157 1261 2198 quum
1283 2143 1334 2182 de
1355 2142 1405 2183 e&
1440 2157 1484 2184 re

213 2202 338 2246 ToM.
363 2201 443 2244 IV.
801 2201 842 2244 G
859 2214 883 2246 2
1237 2200 1486 2255 consuleret,

147 2339 207 2382 (3)
223 2340 358 2383 Supple,
382 2343 411 2372 in
429 2339 545 2372 Sicilia.
592 2338 676 2371 Vult
692 2349 806 2372 omnes
819 2338 945 2372 Siculos
961 2337 994 2372 in
1011 2336 1153 2372 Siciliam
1176 2338 1316 2377 rediisse,
1337 2338 1396 2381 qui
1412 2349 1480 2371 me·
1525 2347 1528 2351 ’

155 2396 194 2419 ω
208 2386 275 2419 ὅτε.
317 2386 375 2429 (4)
398 2386 442 2418 H.
456 2397 482 2418 e.
498 2385 598 2418 fidem
615 2384 768 2423 consulis,
784 2384 877 2417 sivea
893 2384 1026 2417 consule
1037 2385 1161 2418 datam.
1188 2386 1235 2418 Ita
1249 2385 1354 2417 bellum
1370 2398 1390 2416 a
1405 2387 1478 2417 Vol-

140 2435 204 2477 fiis
222 2434 263 2466 θ’
280 2433 402 2474 AEquis,
425 2434 566 2464 exercitus
578 2432 614 2463 ab
630 2433 742 2474 AEquis
758 2431 857 2473 supr&
873 2430 895 2462 l.
913 2440 942 2471 3.
957 2441 984 2462 c.
1001 2439 1057 2463 22.
1082 2431 1171 2476 claffs
1183 2432 1217 2462 ab
1234 2431 1359 2464 Hierone
1374 2428 1399 2463 Ι.
1416 2440 1475 2465 22.

149 2491 180 2511 c.
201 2487 253 2519 37.
300 2478 380 2510 Vid.
400 2480 420 2521 †
435 2480 471 2510 ab
488 2479 589 2510 Ardet?
602 2479 700 2522 legati.
748 2477 806 2519 (5)
829 2476 956 2508 Melius
978 2475 1099 2509 abeffet
1116 2477 1152 2508 τὸ
1166 2479 1208 2510 in.
1259 2478 1337 2510 Haec
1364 2484 1479 2510 autem

151 2524 194 2558 fic
210 2519 404 2568 accipienda
425 2524 513 2561 sunt,
534 2530 573 2556 ut
590 2522 704 2556 nullus
722 2530 816 2555 extra
844 2521 972 2555 ltaliam
987 2532 1065 2566 ager
1081 2532 1145 2565 pro
1161 2523 1316 2555 Romano
1341 2522 1466 2556 habere

149 2578 218 2608 tur,
242 2581 312 2604 non
339 2578 376 2603 ut
404 2568 513 2602 omnis
535 2568 638 2602 ltaliae
663 2579 742 2613 ager
755 2570 926 2607 Romanus
941 2567 1039 2608 esset3
1063 2576 1101 2600 ut
1116 2567 1284 2612 colligitur
1307 2578 1348 2601 ex
1369 2579 1399 2605 c.
1419 2577 1478 2610 29.

149 2615 249 2650 infri-
295 2616 465 2649 Nimirum
490 2628 559 2661 ager
585 2615 730 2648 Romanus
755 2613 890 2648 habitus
916 2613 1012 2650 fuiffe
1035 2613 1182 2652 videtur.
1206 2614 1347 2657 quilibet
1377 2613 1478 2649 ltalia

149 2673 239 2708 ager,
259 2662 318 2705 qui
334 2663 566 2696 Romanorum
586 2659 724 2696 ditionis
739 2658 830 2695 esset.

1510 1890 1686 1925 Concertatt'o

214 1966 222 1974 .
691 1967 700 1974 ,
1268 1964 1277 1972 .
1506 1939 1538 1968 de
1551 1939 1691 1972 difflatore

150 1966 299 2007 lenum
341 1966 586 2017 Messallam,
631 1981 703 2021 qu1
738 1978 828 2006 tum
865 1965 972 2007 claffi
1009 1966 1206 2021 praeesset,
1239 1964 1487 2006 memorem
1504 1984 1625 2017 dicmur„
