1840 3094
421 227 658 271 LIBER
701 225 842 268 XXII.
883 227 1042 271 CAP.
1083 228 1161 270 IV.

1633 229 1684 283 ³5

198 341 274 383 IV.
308 343 533 394 Hannibal,
568 345 681 399 quod
718 344 803 400 agri
837 344 895 385 est
930 344 1036 385 inter
1067 344 1293 386 Cortonam
1316 342 1461 386 urbem
1482 344 1591 386 Pugna
1606 345 1647 375 (τά

131 397 503 458 'l'rafimenumque
524 404 678 455 lacum,
709 403 824 443 omni
860 404 975 444 clade
1006 402 1101 443 belli
1133 403 1348 457 pei-vastat,
1379 416 1463 457 quo

135 459 266 512 magis
289 461 390 502 iram
406 461 511 502 hosti
531 463 581 505 ad
598 462 863 503 vindicandas
895 461 1099 503 sociorum
1129 462 1299 518 injurias
1328 471 1462 504 acuat.

134 514 285 572 Etjam
309 530 577 573 pervenerant
613 523 674 576 (1)
711 521 761 560 ad
801 521 889 560 loca
922 520 1073 561 insidiis
1107 527 1131 571 †
1153 530 1263 570 nata,
1297 524 1360 576 (2)
1392 519 1462 561 ubi

133 576 314 618 maxime
345 589 505 620 montes
538 578 812 620 Cortonenses
837 579 1103 620 Trasimenus
1133 577 1252 620 subit.
1285 579 1348 619 via
1372 588 1462 619 tan-

133 641 224 673 turn
246 635 408 678 interest
427 638 687 693 perangusta,
719 638 830 678 velut
865 638 915 677 ad
946 639 985 678 id
1027 637 1160 692 ipsum
1190 637 1240 678 de
1263 637 1461 678 industria

132 691 278 734 relieto
301 695 454 749 spatio:
486 696 634 737 deinde
657 697 794 751 paullo
816 697 936 736 latior
958 696 1127 751 patescit
1147 710 1334 750 campus,
1366 696 1462 737 inde

131 750 258 792 colles
279 754 500 809 affui-gunt.
562 755 625 795 Ibi
647 754 774 796 castra
796 754 838 794 in
859 768 999 809 aperto
1020 756 1145 805 locat,
1177 754 1247 795 ubi
1266 754 1348 809 ipse
1365 768 1462 795 cum

132 807 250 850 Afris
287 812 413 853 modo
449 813 724 868 Hispanisque
760 813 998 854 confideret.
1061 813 1242 855 Baliares
1263 823 1464 854 ceteram-

131 881 212 920 que
246 870 378 912 levem
407 882 656 913 armaturam
679 872 767 927 post
792 882 951 913 montes
972 872 1272 913 circumducit:
1303 871 1464 926 equites

130 925 182 966 ad
218 927 322 983 ipsas
363 928 504 971 fauces
526 930 668 982 saltus,
701 931 871 971 tumulis
910 936 1004 985 apte?
1041 930 1290 986 tegentibus,
1322 932 1462 980 locat3

131 994 195 1037 ut,
227 987 298 1027 ubi
333 988 542 1029 intrassent
579 989 778 1040 Romani,
802 989 969 1045 objecto
991 990 1192 1044 equitatu,
1219 989 1352 1030 clausa
1374 1003 1465 1030 om-

128 1044 197 1091 nia
217 1046 309 1087 lacu
333 1061 379 1088 ac
400 1047 610 1089 montibus
643 1049 778 1089 effent.
842 1049 1069 1089 Flaminius
1092 1062 1221 1102 quum
1245 1047 1376 1102 pridie
1401 1047 1466 1088 so-

128 1102 178 1143 lis
200 1105 345 1146 occasu
374 1107 425 1147 ad
463 1107 599 1147 lacum
622 1106 875 1161 pervenisset,
900 1110 960 1162 (3)
993 1108 1267 1162 inexplorato,
1299 1106 1462 1161 postero

128 1161 213 1214 die,
243 1163 310 1203 vix
353 1165 451 1205 dum
475 1165 569 1205 satis
591 1166 702 1206 certa
738 1167 848 1216 luce,
878 1165 1074 1220 angustiis
1108 1164 1323 1220 superatis,
1353 1166 1464 1219 post-

129 1235 256 1274 quam
277 1222 319 1262 in
341 1223 614 1277 patentiorem
649 1238 844 1278 campum
884 1223 1009 1278 pandi
1051 1238 1200 1279 agmen
1241 1225 1387 1278 coepit,
1419 1224 1462 1266 id

128 1282 292 1320 tantum
332 1281 530 1331 hostium,
572 1283 684 1336 quod
714 1297 764 1323 ex
801 1281 966 1323 adverso
1008 1292 1110 1334 erat,
1142 1281 1379 1337 conspexit:
1410 1282 1462 1323 ab

129 1346 246 1394 tergo
267 1348 308 1379 et
330 1340 450 1395 super
485 1351 609 1396 caput
643 1342 842 1395 decepere
867 1339 1117 1395 (4)ins1diae.
1177 1341 1336 1382 Poenus
1370 1340 1459 1393 ubi,

128 1395 170 1436 id
188 1397 299 1451 quod
336 1399 524 1452 petierat,
557 1399 740 1440 clausum
772 1401 864 1440 lacu
897 1413 942 1440 ac
978 1397 1189 1439 montibus
1211 1408 1252 1439 et
1282 1399 1460 1440 circum-.-

126 1453 266 1495 fusum
299 1455 381 1497 suis
415 1457 544 1511 copiis
580 1457 724 1505 habuit
757 1457 934 1507 hostem,
967 1457 1124 1513 {ignum
1156 1457 1351 1499 omnibus
1389 1458 1460 1499 dat

127 1513 245 1554 fimul
267 1513 502 1556 invadendi.
521 1515 592 1570 qui
615 1515 702 1569 ubi,
734 1517 813 1570 qua
835 1516 986 1569 cuique
1009 1515 1245 1570 proximum
1267 1515 1364 1567 fuit,
1387 1517 1460 1557 de-

126 1586 361 1622 cucurrere‚
393 1587 442 1614 eo
472 1574 601 1630 magis
623 1574 827 1615 Romanis
844 1574 974 1615 subita
1002 1585 1124 1629 atque
1143 1574 1359 1629 improvisa
1392 1589 1458 1617 res

127 1631 223 1682 fuit,
256 1630 369 1685 quod
385 1642 473 1673 orta
505 1646 555 1673 ex
584 1634 677 1674 lacu
706 1633 856 1673 nebula
891 1647 1053 1688 campo,
1087 1637 1212 1687 quam
1229 1633 1457 1685 montibus,

125 1692 285 1734 densior
319 1691 491 1741 sederat,
522 1692 768 1747 agminaque
807 1691 987 1732 hostium
1030 1706 1079 1732 ex
1127 1691 1313 1746 pluribus
1342 1693 1457 1732 valli-

125 1750 203 1793 bus
225 1752 288 1806 (5)
309 1749 391 1805 ipsa
409 1749 515 1802 inter
528 1749 566 1791 se
583 1750 677 1792 satis
698 1750 932 1806 conspeeh,
954 1756 977 1805 ‡
999 1764 1130 1806 eoque
1154 1751 1282 1808 magis
1305 1751 1458 1806 pariter

1070 1811 1073 1815 ’
1116 1811 1455 1852 decucurrerunt.

172 1929 212 1960 C.
228 1937 257 1965 4.
281 1926 337 1967 (1)
361 1929 451 1959 InftEt
468 1939 495 1959 c.
513 1927 569 1960 28.
595 1930 677 1970 Ager
689 1941 719 1959 re
736 1926 800 1971 ips&⁴
811 1935 893 1959 natus
910 1930 1030 1970 rig-end&
1062 1928 1185 1971 r‘nfidit‘J.
1235 1928 1292 1969 (2)
1316 1928 1384 1960 Ubi
1410 1928 1458 1960 la-

127 1984 184 2005 cus
212 1973 353 2004 maxime
385 1974 427 2005 ad
458 1983 587 2010 montes
615 1974 754 2010 accedit,
779 1981 810 2005 et
829 1984 884 2005 eos
901 1976 1006 2016 prope
1023 1974 1127 2005 alluit.
1160 1972 1278 2005 l'lin.l.
1299 1974 1327 2005 6.
1352 1986 1379 2006 c.
1398 1974 1452 2007 26.

125 2021 216 2061 ngio
231 2021 271 2050 ibi
294 2021 441 2050 maritima
456 2020 629 2062 Syrtiholos.
675 2019 748 2063 §2315
777 2021 846 2050 vera
861 2021 924 2061 ipsa
937 2020 1021 2060 subit
1043 2022 1083 2050 ad
1097 2021 1216 2051 ,wadon
1264 2019 1458 2051 Gronovius

126 2065 312 2096 emendatin
329 2064 630 2107 Trastmenumfidunt.
649 2067 705 2105 (3)
716 2064 900 2107 Inexploratb
909 2065 1044 2109 augustii:
1053 2068 1218 2108 superatis,
1233 2073 1268 2096 ut
1286 2065 1454 2108 suptilib-

127 2121 156 2141 c.
173 2119 225 2149 30.
246 2111 421 2152 inexplorato
437 2111 610 2152 pabulatum
630 2112 753 2143 cohortes
774 2113 876 2153 mfi’re·
896 2111 981 2143 [ΖΙ.
1000 2121 1094 2150 c.25.
1120 2112 1296 2153 inexplorata
1307 2113 1457 2153 ῥῖψις-ἰω

125 2158 155 2186 in
171 2157 501 2198 irfidiaspraecipitatus3
519 2163 550 2194 et
568 2156 655 2197 infra
669 2156 693 2188 l.
713 2156 765 2196 38.
792 2166 818 2187 c.
837 2156 887 2188 18.
902 2156 1082 2199 inexplorato
1090 2158 1245 2198 pros-edere.
1293 2155 1344 2188 Sic
1356 2156 1456 2189 etiam

125 2202 275 2243 exploratb
290 2200 378 2232 infra
395 2201 418 2236 1.
439 2210 493 2239 23.
520 2213 547 2233 c.
566 2212 621 2241 43.
670 2202 726 2243 (4)
753 2202 909 2234 Fefellere
926 2216 932 2235 ε
959 2213 978 2234 a
997 2201 1157 2233 Flaminio
1173 2211 1242 2232 non
1259 2200 1333 2232 sunt
1351 2202 1457 2233 anim-

126 2247 285 2278 adversm.
334 2247 391 2287 (5)
416 2246 543 2278 Collibus
559 2258 623 2289 pro
639 2247 766 2279 vallibus
790 2247 977 2290 legendum,
999 2258 1070 2279 rem
1098 2246 1200 2288 ipsam
1232 2246 1374 2278 clamare
1405 2255 1456 2279 to·

129 2300 265 2333 tamque
282 2291 366 2323 Livii
378 2292 602 2323 narrationem
619 2292 818 2334 pronunciat
842 2293 982 2334 Lipsius,
1005 2293 1184 2333 omnesque
1199 2291 1271 2333 post
1287 2303 1362 2323 eum
1379 2304 1456 2325 ean-

129 2338 207 2369 dem
223 2337 418 2369 sententiam
440 2337 704 2379 ample&untur..
748 2337 862 2379 [Lipfii
892 2338 1090 2375 emendatio,
1124 2336 1277 2378 quamvis
1303 2337 1458 2379 speciosa,

126 2382 209 2416 mihi
241 2390 351 2415 tamen
377 2394 446 2414 non
471 2391 562 2414 extra
590 2392 722 2414 omnem
744 2383 985 2415 dubitationem
1002 2383 1147 2415 videtur.
1195 2384 1306 2414 Unam
1321 2385 1454 2416 tantum

127 2428 224 2460 vallis
240 2428 379 2471 speciem
411 2428 501 2461 viros
527 2428 644 2459 domitos
676 2427 717 2458 ad
743 2428 831 2460 hunc
848 2428 960 2460 locum
976 2429 1010 2459 in
1028 2428 1139 2459 animo
1162 2427 1310 2460 habuisse
1326 2429 1454 2469 censeo,

127 2485 248 2518 nempe
265 2486 336 2516 quae
352 2473 386 2505 in
403 2474 539 2516 planum
558 2474 712 2515 porree‘ta
729 2474 811 2505 duos
828 2473 926 2505 colles
943 2475 985 2505 ad
1001 2473 1126 2506 radices
1138 2473 1320 2515 interjacet.
1365 2477 1449 2508 Sunt

127 2530 210 2551 vero
224 2527 257 2551 et
275 2520 385 2557 valles,
407 2519 530 2552 insidiis
559 2519 712 2561 aptiores,
735 2529 810 2559 quae
841 2519 1020 2552 secundum
1047 2519 1152 2550 latera
1179 2519 1345 2551 montium
1375 2520 1448 2562 pari

125 2565 316 2597 declivitate
331 2565 544 2604 descendunt.
560 2565 659 2597 Tales
675 2564 905 2607 intelligendos
919 2565 1040 2607 opinor
1056 2564 1154 2606 supra
1172 2563 1191 2596 l.
1206 2574 1260 2597 21.
1275 2576 1304 2597 c.
1320 2574 1374 2605 32.
1389 2565 1447 2598 ubi

128 2611 244 2643 Livius
260 2610 355 2649 dixit,
377 2612 559 2654 Erigcntibus
587 2614 616 2642 in
632 2613 744 2654 primos
773 2623 870 2653 agmen
894 2612 983 2641 clivos
999 2617 1200 2652 apparuerunt
1215 2613 1386 2642 imminentes
1400 2619 1450 2642 tu·

126 2657 218 2693 mulos
236 2658 375 2699 insidentes
390 2659 518 2688 montani
529 2671 541 2693 ‚·
567 2659 617 2698 qui
631 2658 662 2700 fi
689 2655 786 2687 valles
802 2659 958 2688 occulssiores
972 2657 1126 2700 irfidtffint
1143 2655 1208 2688 Sec.
1237 2663 1270 2688 et
1298 2655 1353 2687 ubi
1369 2655 1449 2688 Vir-

128 2702 225 2746 gilius
241 2703 309 2739 Ecl.
327 2713 358 2744 5.
381 2713 417 2736 v.
439 2703 492 2742 84.
539 2703 667 2748 Saonizs
684 2704 760 2735 inter
787 2705 932 2735 decurrunt
935 2703 1062 2746 flumina
1079 2700 1183 2736 vallea
1201 2701 1293 2735 dixit.
1335 2703 1451 2746 Qare

1378 2758 1451 2792 ιφ»

1485 390 1689 435 Τνιψυιςιιιηῑ,
