1834 3099
294 211 546 254 LIBER
587 211 750 254 XXVI.
783 209 950 253 CAP.
984 210 1079 251 XII.

56 329 100 384 se
117 344 254 383 quoque
292 328 344 371 Εἴ
366 328 574 385 prafidium
595 331 634 368 iu
655 342 774 369 omnes
794 330 997 367 cruciatu&
1008 327 1186 380 proditos,
1220 324 1378 366 incusa-

69 386 165 427 bant
182 402 190 426 :
211 388 336 444 abiffl
348 403 430 427 eum
451 390 490 428 in
508 387 695 436 Bruttios,
711 386 815 426 velut
834 394 1063 426 avertentem
1066 386 1158 440 fise,
1180 399 1224 424 ne
1247 385 1378 436 Capua

70 446 110 484 in
132 447 248 486 oculis
283 448 360 501 ejus
385 455 592 499 caperetur.
615 454 672 496 at,
700 444 881 492 Hercule,
909 444 1099 484 Romanos
1124 459 1168 482 ne
1192 453 1379 496 oppugna-

69 505 165 543 tione
196 504 341 558 quidem
386 506 493 545 urbis
526 505 701 545 Romanae
737 503 901 557 abstrahi
933 504 978 543 ab
1022 502 1159 558 Capua}
1191 500 1379 555 obstdendd

65 563 230 619 potuff'·
250 571 353 603 tauto
372 563 646 619 coustantiorem
663 562 858 601 inimicum
881 561 1110 605 Romanum,
1143 559 1257 614 quum
1285 559 1381 598 ami-

77 621 334 661 cumPoenum
369 623 443 678 ff.
510 622 551 661 Si
585 620 716 661 redeat
738 620 928 673 Capuam,
966 619 1172 673 bellumque
1209 632 1311 658 omne
1342 614 1382 655 eb

73 688 216 732 vertut,
252 679 304 721 Εἴ
318 680 364 734 se
401 681 453 722 Εἴ
490 679 698 733 Campanos
727 686 885 731 paratos
912 679 1096 732 eruptioni
1115 677 1221 732 fore.
1295 675 1384 714 Non

75 753 159 777 cum
189 737 393 792 Rheginis,
415 754 530 792 neque
559 737 781 777 Tarentinis
802 737 935 776 bellum
952 736 1114 792 gssturos
1130 733 1250 789 trmfi
1275 750 1293 773 e
1311 733 1387 774 Al-

69 807 150 851 pes.
174 798 236 837 ubi
264 797 438 837 Romame
458 797 614 851 legiones
617 796 717 850 ſsm‘»
745 796 796 836 ibi
820 794 1170 849 &Karthaginien
1184 809 1261 833 tum
1281 807 1387 832 exer-

77 857 174 895 citus
203 855 329 896 debere
348 856 422 911 eſjb.
501 855 562 895 Sic
582 855 635 894 ad
666 854 836 905 Cannas,
849 853 910 908 fic
931 853 984 894 ad
1013 852 1275 908 Trcgfimemtm
1309 866 1387 890 rem

77 916 162 953 bene
185 913 322 969 gestam
340 940 352 960 ,-
385 916 448 968 (4)
481 913 654 962 coeundo,
685 912 899 970 conferendo
926 928 1010 952 cum
1031 911 1122 969 hqste
1141 911 1276 968 elstra,
1296 909 1390 966 fhr-

77 982 209 1012 tunam
239 971 423 1012 tentando.
488 972 535 1011 In
570 972 676 1013 hanc
707 971 948 1011 sententiam
983 971 1113 1011 literae
1150 969 1390 1023 conscriptae

79 1030 289 1079 Numidis,
332 1030 534 1085 proposita
581 1031 769 1071 mercede
802 1031 918 1086 jam(
926 1032 968 1085 5)
989 1028 1171 1084 professis
1208 1041 1392 1082 operam,

66 1086 241 1130 dantur.
304 1089 362 1128 Hi
395 1089 524 1143 specie
557 1089 863 1143 transfugarum
895 1103 1024 1142 quum
1048 1089 1097 1128 ad
1120 1088 1315 1127 Flaccum
1350 1086 1393 1125 in

80 1146 208 1189 castra
229 1147 439 1197 veniisent,
474 1158 525 1188 ut
549 1148 643 1188 inde
667 1150 727 1203 (6)
746 1157 930 1202 tempore
958 1158 1078 1201 capto
1101 1146 1285 1193 abircnt3
1333 1144 1394 1184 fa-

82 1205 264 1260 mesque,
295 1221 386 1259 quae
409 1216 492 1246 tam
515 1206 585 1246 diu
607 1206 757 1260 Capuae
779 1217 880 1257 erat,
913 1206 1015 1245 nulli
1036 1219 1119 1245 non
1141 1202 1393 1259 probabilem

83 1264 246 1306 causam
269 1264 514 1304 transitionis
536 1264 704 1315 faceret,
737 1265 885 1305 mulier
919 1261 1086 1319 repente
1108 1263 1319 1317 Campana
1351 1262 1393 1301 in

85 1323 214 1364 castra
256 1323 382 1371 venit,
416 1323 595 1363 scortum
638 1323 942 1379 transfugarum
979 1323 1128 1371 uniu33
1159 1322 1395 1374 indicatque

85 1381 322 1435 imperatori
363 1382 573 1430 Romano,
618 1382 823 1423 Numidas
860 1381 1002 1422 fraude
1034 1380 1256 1435 composita
1287 1390 1399 1419 tran-

87 1440 183 1488 fiffe,
215 1439 429 1494 literasque
451 1441 499 1480 ad
524 1440 800 1481 Hannibalem
825 1440 946 1481 ferre.
977 1440 1017 1480 id
1039 1453 1169 1480 unum
1186 1440 1247 1493 (7)
1264 1452 1314 1478 ex
1350 1438 1398 1479 iis

86 1497 160 1552 qui
183 1498 252 1538 fibi
273 1512 359 1538 rem
382 1498 641 1553 aperuiflet,†
672 1513 841 1554 arguere
863 1498 942 1538 sese
964 1509 1146 1553 paratam
1164 1498 1253 1537 efl'e.
1298 1496 1400 1536 Pro-

89 1556 242 1603 ἀυᾶὶυε
277 1556 413 1611 primo
438 1556 530 1598 satis
552 1558 783 1599 constanter
814 1557 1002 1612 ignorare
1034 1557 1073 1598 se
1105 1556 1321 1597 mulierem
1354 1555 1401 1595 fi-

89 1614 298 1656 mulabat:
341 1615 555 1670 paullatim
595 1617 688 1657 dein
726 1615 943 1657 convietus
983 1616 1107 1666 veris,
1151 1628 1283 1669 quum
1319 1622 1404 1655 tor-

87 1683 226 1715 menta
248 1673 358 1728 posci
382 1677 420 1716 &
445 1674 578 1729 parari
600 1675 770 1725 videret,
801 1675 922 1715 faffus
940 1675 981 1715 id
1002 1675 1058 1715 ita
1080 1674 1170 1714 effe.
1193 1673 1404 1727 literaeque

89 1734 290 1788 prolatae3
323 1736 364 1776 &
397 1733 799 1789 additum(8)etiam
831 1733 998 1783 indicio,
1030 1734 1142 1788 quod
1179 1731 1407 1782 celabatur,

93 1795 134 1834 δι’
157 1791 256 1833 alios
288 1791 420 1846 specie
451 1791 758 1848 transfugarum
790 1792 996 1834 Numidas
1026 1791 1161 1848 vagari
1195 1792 1237 1831 in
1266 1789 1407 1833 castris

93 1849 310 1891 Romanis.
343 1849 386 1890 hi
428 1849 548 1905 supra
582 1851 838 1907 septuaginta
880 1850 1177 1906 comprehensi,
1222 1852 1267 1895 ἃ
1309 1863 1407 1891 cum

93 1907 316 1964 transfugis
337 1909 454 1950 novis
476 1912 538 1964 (9)
561 1911 728 1951 mulcati
751 1913 841 1966 (10)
855 1910 995 1966 virgis,
1014 1908 1283 1963 manibusque
1303 1922 1408 1963 prae-

96 1967 198 2016 cifis,
230 1967 417 2021 Capuam
436 1969 694 2024 rediguntur.

730 2026 767 2068 C
801 2039 824 2069 2
1290 2024 1409 2067 XIII.

103 2183 131 2211 in
148 2193 264 2211 manum
281 2182 425 2212 traditur.
501 2180 659 2213 Ceterum
676 2181 717 2212 ad
734 2191 850 2213 vocem
871 2181 915 2219 hi,
935 2180 1032 2211 initio
1047 2180 1190 2223 periodi,
1203 2180 1273 2214 vid.
1292 2188 1364 2213 not.
1378 2190 1411 2213 α.

102 2227 146 2258 ad
169 2236 198 2258 c.
226 2235 278 2257 11.
308 2227 326 2257 l.
360 2227 391 2258 3.
419 2226 529 2269 supra.
606 2228 666 2267 (4)
697 2228 780 2258 Coi're
801 2226 889 2268 saepe
918 2225 1077 2258 dicuntur
1114 2226 1234 2259 milites
1261 2226 1416 2269 proelimn

96 2270 356 2305 committentes.
408 2271 501 2315 Virg.
524 2273 601 2303 AEn.
619 2272 642 2303 l.
665 2282 717 2304 12.
735 2282 766 2303 v.
783 2282 856 2312 709.
883 2274 974 2304 «Inter
987 2274 1023 2313 ft
1045 2273 1134 2315 ‘Oiff
1149 2276 1228 2304 viros
1246 2275 1286 2305 δ’
1304 2285 1415 2304 cernere

95 2319 200 2359 ferro.
227 2319 266 2350 E.
320 2317 377 2358 (5)
402 2316 470 2349 Cic.
490 2329 553 2360 pro
573 2318 667 2349 Rosc.
684 2321 802 2351 Amer.
825 2327 901 2357 153.
916 2319 951 2360 ſs
975 2320 1007 2348 id
1019 2330 1069 2348 vos
1087 2320 1245 2360 suscipitis,
1270 2318 1420 2351 &efflent

100 2365 130 2394 in
146 2377 175 2394 re
191 2371 304 2405 operam
320 2363 638 2407 vestramprqfitemini.
668 2364 725 2406 (6)
742 2363 793 2396 Sic
819 2364 918 2405 supr}
936 2363 956 2394 l.
973 2373 1002 2402 3.
1016 2374 1045 2395 c.
1071 2373 1102 2404 9.
1116 2365 1273 2407 itfidiatum
1289 2377 1349 2396 eum
1379 2364 1420 2396 {5⁵

96 2415 220 2451 tempore
246 2416 327 2452 capto
343 2411 470 2440 adortum
496 2410 706 2451 rempublicam.
755 2408 911 2441 Similiter
934 2408 1020 2440 infra
1041 2408 1062 2440 l.
1080 2418 1135 2454 33-
1152 2420 1180 2441 c.
1206 2409 1259 2441 28-
1277 2410 1310 2441 ΒΕ
1326 2410 1419 2452 Virg,

100 2453 121 2484 l.
140 2464 190 2485 11.
207 2455 286 2487 AEn.
301 2466 333 2486 v.
357 2455 430 2495 783.
447 2455 504 2496 (7)
521 2456 559 2486 Se
577 2464 725 2497 paratam
742 2454 803 2487 esse
818 2456 859 2486 de
874 2453 912 2485 ea
925 2464 961 2486 re
975 2454 1171 2489 convincere
1189 2465 1291 2487 unum
1303 2464 1344 2487 ex
1359 2453 1424 2487 illis

100 2499 264 2533 Numidis.
340 2500 398 2542 (8)
429 2499 553 2531 Indicio
591 2511 629 2533 ac
661 2499 852 2533 confeffioni
877 2500 917 2531 de
947 2499 1051 2532 literis
1073 2499 1108 2533 id
1140 2499 1240 2532 etiarn
1262 2499 1424 2539 additum,

103 2545 196 2587 quod
231 2544 340 2587 primo
364 2545 506 2578 celatum
523 2548 642 2584 fuerat,
665 2557 782 2588 nempe
799 2546 890 2584 alios,
913 2545 978 2578 ὅτε.
1025 2545 1084 2588 (9)
1107 2548 1159 2580 Sc.
1177 2545 1235 2588 qui
1249 2545 1362 2581 literas
1381 2546 1427 2579 ad

103 2589 327 2623 Hannibalem
351 2591 513 2624 ferebant.
534 2593 569 2622 E.
591 2591 673 2635 (ιο)
687 2591 757 2624 Alii
774 2592 877 2634 prave
892 2593 1032 2623 mutuati.
1044 2591 1196 2624 Verbum
1210 2593 1336 2628 multare
1352 2587 1427 2635 plu-

104 2636 197 2668 ribus
213 2635 292 2676 locis
314 2636 412 2669 Livio
436 2638 510 2679 jure
526 2636 740 2669 reddiderunt
757 2638 822 2671 viri
838 2636 928 2672 ἀοέὶὶ
943 2649 953 2676 5
983 2637 1083 2680 supra
1099 2637 1122 2670 l..
1142 2647 1174 2679 3.
1188 2648 1217 2669 c.
1236 2646 1287 2670 ιι.
1304 2637 1332 2671 ῐ.
1348 2637 1384 2672 8.,
1397 2647 1426 2671 ε.

101 2691 157 2721 24.
173 2682 205 2713 δε
226 2691 278 2722 27.
294 2682 381 2715 infra
397 2683 416 2714 1.
434 2682 486 2717 28.
497 2694 524 2715 c.
544 2693 596 2724 30·
615 2684 646 2715 δε
661 2683 751 2715 alibi,
1410 2684 1412 2688 ’

1549 220 1601 262 ³9
