1834 3099
118 417 263 446 conteram.

123 1544 242 1587 Mqfim'
264 1557 283 1574 α

124 1594 216 1621 :ru-'Huc
234 1602 293 1620 cum

116 1640 215 1678 paucis
227 1637 332 1667 evadit.

838 161 893 206 T.
943 162 1155 208 LIVII

405 281 610 324 XXXIH.
645 281 851 338 Major-em
867 281 991 339 igitur
1005 295 1094 322 eam
1111 296 1199 322 rem
1217 279 1384 337 Syphax
1397 289 1526 331 ratus,
1544 278 1671 335 quiam

346 353 391 382 ut
415 357 485 397 per
502 340 746 397 praefectum
770 351 922 396 ageret,
952 355 1048 382 cum
1084 340 1169 382 filio
1198 341 1349 396 juvene
1372 343 1542 395 (nomen
1563 339 1670 379 Ver-

346 400 471 441 minae
504 403 608 454 erat)
639 413 753 455 parte
786 399 990 441 exercitus
1024 400 1149 450 missa,
1179 400 1371 454 imperat,
1401 408 1465 450 ut,
1495 398 1676 439 circum·-

346 460 475 500 dufiio
505 459 685 514 agmine,
716 459 757 499 in
780 459 819 498 se
853 459 1058 499 intentum
1094 458 1253 500 hostem
1283 457 1333 499 ab
1358 466 1474 514 tergo
1494 454 1674 497 invadat.

346 518 486 560 NoCte
520 516 733 572 profectus
767 517 985 568 Vermina,
1037 518 1106 571 qui
1143 532 1195 558 ex
1221 517 1385 557 occulto
1419 515 1674 572 adgressurus

346 588 459 618 erat:
491 576 655 633 Syphax
675 587 812 617 autem
829 576 1007 617 interdiu
1025 586 1165 632 aperto
1181 576 1341 625 itinere,
1373 585 1418 616 ut
1435 574 1522 629 qui,
1554 572 1675 628 signis

347 635 522 685 collatis,
556 635 640 676 acie
668 636 936 676 dimicaturus
954 636 1063 683 efl'et,
1094 635 1220 676 movit
1247 635 1388 676 castra.
1448 631 1539 674 Ubi
1570 642 1678 673 tem-

345 709 424 750 pus
445 693 574 734 visum
597 694 670 744 est,
701 709 784 749 quo
807 694 1029 748 pervenisse
1052 695 1139 751 jam
1162 691 1422 736 circummissi
1443 691 1571 733 videri
1603 705 1677 745 po-

346 763 495 802 terant,
529 756 567 794 &
592 753 674 808 ipse
697 753 897 794 leniciivo
924 759 938 804 l}
966 753 1122 794 ferente
1141 754 1191 794 ad
1212 752 1387 802 hostem,
1419 765 1548 806 quum
1572 750 1680 790 mul-

346 812 522 852 titudine
546 812 690 861 fretus,
722 823 810 852 tum
842 813 1077 867 praeparatis
1099 812 1148 853 ab
1168 822 1284 868 tergo
1313 811 1480 860 insidiis,
1512 823 1587 864 per
1607 808 1680 849 ad-

345 886 512 912 versum
536 882 718 911 montem
743 871 961 923 †ere8cam
989 871 1118 912 aciem
1142 872 1270 912 ducit.
1334 869 1538 911 Masinissa
1570 866 1680 908 fidu·

347 931 410 971 cia
442 929 618 970 maxime
640 929 734 977 loci,
767 944 850 983 quo
882 931 1013 970 multo
1040 935 1054 980 Η
1082 930 1262 984 aequiore
1294 938 1553 985 pugnaturus
1574 935 1679 976 erat,

352 990 388 1028 ἃ
415 987 496 1043 ipse
520 988 658 1043 dirigit
691 987 796 1028 suos.
862 990 990 1028 Atrox
1015 989 1210 1043 proelium
1232 991 1269 1030 ἃ
1290 988 1361 1028 diu
1384 999 1534 1041 anceps
1570 985 1679 1026 fuit:

347 1048 441 1087 loco
474 1050 513 1087 δι
557 1047 708 1087 virtute
746 1047 924 1087 militum
959 1047 1223 1096 Mafinifl'am,
1273 1046 1553 1093 multitudine,
1585 1057 1679 1099 quae

349 1108 410 1159 (t)
429 1104 557 1145 nimio
580 1106 711 1161 major
742 1116 844 1154 erat,
874 1105 1103 1160 Syphacem
1129 1107 1314 1163 juvante.
1375 1104 1433 1145 Ea
1455 1103 1680 1144 multitudo

348 1163 492 1216 divisa,
524 1179 764 1218 quum-pars
787 1179 808 1203 a
829 1164 964 1205 fronte
986 1178 1165 1221 urgeret,
1197 1179 1290 1220 pars
1321 1179 1344 1204 a
1373 1173 1488 1219 tergo
1525 1162 1564 1203 se
1601 1161 1681 1202 cir-

348 1223 630 1273 cumfudisset,
663 1222 879 1264 victoriam
919 1222 1029 1264 haud
1054 1223 1221 1264 dubiam
1251 1222 1430 1278 Syphaci
1463 1221 1602 1263 dedit:
1634 1223 1678 1263 δι

348 1295 400 1321 ne
423 1282 622 1337 effugium
646 1281 814 1336 quidem
849 1282 1012 1337 patebat
1032 1281 1128 1323 hinc
1151 1298 1173 1323 a
1189 1281 1342 1334 fronte,
1371 1282 1468 1322 hinc
1492 1279 1542 1321 ab
1563 1290 1680 1336 tergo

348 1340 526 1381 inclusis.
589 1341 732 1395 Itaque
753 1341 877 1382 ceteri
904 1341 1062 1395 pedites
1083 1340 1321 1396 equitesque
1345 1341 1431 1381 caesi
1455 1349 1524 1381 aut
1556 1339 1679 1394 capti.

348 1399 550 1440 ducentos
567 1398 698 1440 ferme
720 1400 879 1454 equites
893 1400 1095 1441 Mafinifl'a
1118 1400 1225 1442 circa
1248 1400 1287 1440 se
1307 1398 1589 1456 conglobatos,
1619 1397 1684 1439 di-

350 1457 536 1512 visosque
559 1458 770 1498 turmatim
805 1459 847 1498 in
883 1468 964 1499 tres
986 1469 1135 1514 partes,
1167 1473 1381 1514 erumpere
1410 1457 1557 1515 jubet3
1588 1457 1681 1498 loco

352 1517 569 1571 praedic'to,
602 1518 643 1557 in
667 1531 790 1571 quem
813 1531 866 1558 ex
886 1518 1068 1572 dissipata
1104 1518 1372 1560 convenirent
1399 1517 1514 1572 fugfi.
1573 1514 1680 1570 Ipse,

354 1576 434 1629 qua
469 1575 716 1628 intenderat,
766 1576 873 1616 inter
914 1577 1047 1618 media
1082 1579 1160 1617 tela
1198 1576 1377 1617 hostium
1414 1575 1551 1617 evasit.
1585 1576 1679 1615 duae

352 1643 500 1685 turmae
526 1634 703 1675 haesere:
734 1636 859 1676 altera
881 1645 995 1676 metu
1026 1636 1163 1676 dedita
1183 1635 1315 1684 hosti3
1350 1638 1411 1691 (2)
1433 1633 1681 1690 pertinacior

351 1693 394 1733 in
428 1695 697 1748 repugnando
735 1693 825 1734 telis
866 1692 1012 1734 obruta
1036 1697 1075 1737 δε
1108 1694 1270 1735 confixa
1302 1693 1374 1734 est.
1439 1693 1681 1737 werminam

350 1751 477 1807 prope
515 1751 693 1807 vestigiis
725 1752 959 1803 instantem,
993 1753 1034 1792 in
1077 1754 1154 1794 alia
1189 1764 1312 1807 atque
1353 1752 1431 1793 alia
1473 1751 1680 1793 flecT’tendo

351 1813 414 1865 (3)
438 1810 582 1850 itinera
609 1816 623 1860 Η
649 1811 834 1860 eludens,
868 1811 990 1852 taedio
1025 1814 1061 1852 &
1085 1813 1365 1867 desperatione
1394 1812 1560 1852 tandem
1601 1810 1682 1851 fes-

350 1869 457 1915 sum,
488 1873 511 1921 ζ
544 1869 726 1909 absistere
764 1869 969 1923 sequendo
1004 1871 1152 1926 coegit.
1215 1870 1298 1926 ipse
1333 1885 1429 1911 cum
1473 1870 1678 1926 sexaginta

351 1927 560 1981 equitibus
577 1928 626 1967 ad
648 1928 848 1968 minorem
879 1928 1033 1984 Syrtim
1059 1929 1257 1983 pervenit.
1319 1929 1382 1969 lbi
1404 1943 1500 1969 cum
1524 1927 1680 1970 consci-

351 1986 460 2026 entia
495 1986 655 2041 egregi&
691 1986 796 2041 saepe
827 1987 989 2041 repetiti
1024 1988 1139 2042 regni
1177 1987 1351 2042 paterni,
1397 1987 1504 2028 inter
1523 1987 1680 2030 Punica

349 2044 547 2099 Emporia
571 2048 632 2100 (4)
659 2057 906 2100 gentemque
931 2046 1233 2087 Garamantum
1255 2061 1377 2087 omne
1399 2056 1580 2102 tempus,
1612 2045 1679 2086 us-

352 2118 432 2156 qne
471 2105 518 2142 ad
544 2104 592 2143 C.
619 2104 737 2146 Laelii
768 2104 974 2157 classisque
998 2105 1200 2146 Romanae
1232 2107 1455 2146 adventum
1490 2105 1534 2146 in
1565 2105 1681 2146 Afri-

351 2176 459 2208 cum,
494 2164 555 2216 (5)
577 2162 836 2217 consumpsit.
898 2162 1003 2204 Haec
1040 2162 1225 2204 animum
1258 2163 1472 2214 inclinant,
1503 2173 1550 2204 ut
1581 2177 1678 2205 cum

352 2221 518 2271 modico
552 2221 706 2275 potitis,
740 2221 866 2277 quam
907 2236 1002 2263 cum
1024 2237 1175 2280 magno
1192 2223 1377 2279 praesidio
1393 2222 1596 2277 equitum,
1626 2223 1678 2263 ad

1441 2281 1677 2336 Scipionem

402 2398 440 2427 C.
461 2406 514 2435 33.
544 2396 599 2438 (1)
621 2399 723 2429 Nimio
747 2402 847 2441 major,
870 2409 907 2431 nt
934 2403 1019 2435 nimio
1041 2403 1112 2444 plus
1146 2401 1242 2444 supra
1260 2402 1280 2433 l.
1300 2411 1327 2432 1.
1352 2412 1381 2431 c.
1412 2409 1444 2433 2.
1462 2399 1481 2431 1.
1505 2409 1539 2432 2.
1567 2411 1597 2432 c.
1617 2408 1673 2439 37.

353 2440 410 2480 (2)
430 2442 551 2483 Supple
570 2445 675 2474 altera.
727 2447 784 2485 (3)
799 2447 903 2487 Lege,
926 2457 1001 2477 cum
1028 2447 1180 2488 pluribus
1197 2447 1393 2488 optimisque
1409 2446 1549 2488 scriptis,
1564 2448 1675 2476 itinere.

354 2488 443 2517 Dum
463 2486 563 2518 flectit
582 2487 644 2520 iter
661 2487 696 2519 in
714 2491 777 2522 alia
787 2499 886 2532 atque
903 2491 966 2522 alia
979 2492 1060 2523 loca.
1105 2494 1230 2524 FleHere
1251 2497 1307 2524 iter
1323 2491 1449 2523 locutio
1463 2491 1602 2522 Liviana
1623 2491 1678 2524 est.

356 2531 485 2572 ἧφι-ΑΙ.
506 2533 533 2562 3.
551 2544 580 2565 c.
604 2543 656 2574 19.
677 2535 697 2564 1.
718 2544 770 2567 21.
785 2547 813 2567 c.
835 2536 922 2575 31.l.
944 2546 1038 2569 22.c.
1061 2537 1159 2569 18.&
1176 2537 1252 2570 alibi
1267 2539 1356 2580 saepe.
1401 2537 1675 2580 Sicflefiereviam

355 2576 378 2605 s.
409 2586 437 2607 1.
454 2589 478 2608 c.
506 2579 556 2608 60.
603 2581 658 2620 (4)
685 2579 760 2612 Vid.
785 2589 855 2612 not.
869 2591 900 2621 5.
913 2583 954 2613 ad
971 2593 999 2613 c.
1015 2593 1069 2622 25.
1085 2584 1195 2626 supr-21.
1217 2584 1334 2616 Noster
1351 2582 1438 2614 infra
1455 2582 1475 2613 l.
1491 2592 1544 2622 34.
1566 2593 1596 2613 c.
1616 2581 1675 2615 62.

355 2622 494 2663 Emporia
512 2632 613 2654 vocant
629 2638 689 2656 eam
701 2630 846 2669 regionem.
898 2628 958 2658 Ora
981 2629 1021 2668 cst
1039 2631 1151 2660 minoris
1170 2631 1277 2672 Syrtis,
1306 2631 1344 2661 {3³
1359 2630 1428 2671 agri
1454 2629 1558 2660 uberis.
1608 2629 1676 2659 Una

353 2669 457 2715 fivitas
472 2671 540 2709 ejus,
563 2671 676 2714 Leftis.
720 2674 778 2716 (5)
798 2674 960 2715 Cotffumcre
969 2681 1076 2718 tempus
1093 2674 1236 2708 occurrit
1251 2674 1338 2707 infra
1364 2674 1388 2705 1.
1405 2673 1456 2716 38.
1470 2684 1496 2706 c.
1513 2683 1566 2707 2¹2-
1585 2673 1679 2704 Haud

1570 2753 1573 2760 ,
1589 2720 1675 2762 segne
