1834 3099
357 122 604 166 LIBER
652 124 856 168 XXVIII.
899 125 1060 169 CAP.
1107 127 1185 172 IX.

107 232 226 288 super
265 237 441 281 Sunium
482 242 692 298 navigans,
742 242 848 283 inter
890 244 1045 285 medias
1085 245 1212 300 prope
1249 243 1430 287 hostium

105 293 260 348 classes,
292 297 533 341 Chalcidem
556 301 753 356 pervenit.
770 300 882 351 inde,
915 303 1144 344 collaudata
1177 304 1257 345 fide
1280 319 1325 345 ac
1348 304 1429 344 vir-

103 360 209 404 tute,
241 354 354 409 quod
376 372 510 413 neque
528 359 664 409 timor,
696 373 828 413 neque
844 360 931 414 spes
949 360 1145 402 flexissent
1168 377 1312 403 eorum
1340 363 1428 402 ani·-

102 422 218 461 mos3
251 414 516 472 hortatusque
534 418 816 472 imposterum,
852 428 894 458 ut
919 420 1058 459 eadem
1087 421 1310 461 constantia
1333 435 1426 475 per-

100 481 314 513 manerent
337 474 377 514 in
402 475 604 526 societate,
638 477 661 516 fi
683 476 813 527 suam,
845 476 969 530 quam
1000 478 1270 519 Oritanorum
1299 490 1422 534 atque

99 526 402 583 Opuntiorum,
436 534 645 575 fortunam
667 536 865 584 mallent3
899 536 948 576 ab
971 536 1167 578 Chalcide
1185 538 1343 578 Oreum
1360 543 1421 595 (4)

97 587 276 643 navigat,
336 593 654 648 principumque
702 594 767 645 iis,
835 594 906 647 qui
947 594 1090 649 fugere
1141 597 1260 650 capta
1302 598 1420 646 urbe,

93 644 221 698 quam
246 648 284 689 se
307 650 509 692 Romanis
538 653 711 701 tradere,
744 652 989 703 maluerant,
1023 652 1180 694 summa
1213 668 1350 694 rerum
1378 657 1416 694 8<

94 704 278 748 custodia
307 709 418 750 urbis
454 709 655 765 permissa,
698 710 781 765 ipse
817 710 1127 752 Demetriadem
1159 714 1210 753 ab
1242 713 1419 764 Euboea,

94 764 205 828 unde
225 766 362 820 primo
384 770 433 809 ad
455 783 574 823 opem
597 768 809 810 ferendam
832 769 948 810 sociis
969 769 1184 823 profectus
1204 782 1304 820 erat,
1337 780 1420 812 tra·

86 822 200 886 jecit.
266 826 520 868 Cafl'andreae
542 828 690 868 deinde
721 838 889 869 centum
919 828 1084 868 navium
1113 830 1330 882 longarum
1351 844 1419 870 ca-

90 880 190 921 nnis
227 883 363 937 politis
400 889 477 940 (5),
507 887 802 941 contraEtaque
837 887 887 927 ad
922 886 1120 928 effefimrn
1157 889 1244 943 ejus
1282 888 1417 942 operis

88 940 354 984 multitudine
375 943 586 986 fabrorum
609 946 830 995 navalium,
863 945 958 999 quia
973 959 1035 986 res
1053 945 1095 985 in
1119 946 1284 987 Graecia
1306 957 1417 986 tran-

88 998 235 1050 quillas
251 1003 292 1042 δι’
311 1002 515 1056 1)ῑοῖεᾶἰο
533 1004 661 1044 Attali
683 1003 851 1053 fecerat,
886 1004 987 1045 &in
1009 1014 1195 1059 tempore
1227 1006 1416 1046 laboran-

87 1055 198 1098 tibus
227 1058 343 1101 sociis
375 1062 503 1102 latum
527 1063 575 1103 ab
606 1062 643 1103 se
673 1063 886 1111 auxilium,
919 1073 1027 1103 retro
1050 1063 1091 1103 in
1110 1077 1285 1119 regnum
1315 1078 1417 1104 con-

86 1115 213 1164 cellit,
245 1129 289 1158 ut
310 1119 515 1161 Dardanis
538 1122 693 1172 bellum
714 1121 897 1162 inferret.

145 1175 221 1216 IX.
255 1177 451 1219 Extremo
489 1180 637 1221 aestatis
674 1180 777 1235 ejus,
811 1180 890 1234 qua
921 1179 1009 1221 haec
1042 1179 1084 1219 in
1108 1179 1271 1221 Graecia
1303 1180 1412 1236 gesta
1433 1205 1525 1238 Ambo
1539 1206 1609 1250 eff

49 1247 51 1250 ’
85 1231 194 1285 sunt,
227 1250 357 1289 quum
399 1238 629 1296 QFabius
652 1239 828 1279 Maximi
868 1238 976 1279 filius
1005 1240 1163 1293 legatus
1185 1241 1248 1294 (1)
1270 1241 1321 1280 ab
1346 1241 1410 1280 M.
1433 1256 1550 1284 veniunt
1565 1256 1626 1285 Ro-

83 1291 204 1334 Livio
229 1295 395 1336 consule
419 1297 600 1337 Romam
633 1298 684 1337 ad
723 1297 907 1338 senatum
931 1297 1170 1346 nunciasset,
1202 1298 1412 1339 consulem
1433 1310 1521 1330 mam·

83 1349 176 1392 satis
199 1353 370 1406 praefidii
400 1355 545 1396 Galliae
568 1356 788 1410 provinciae
817 1357 982 1396 credere
1013 1356 1064 1396 L.
1088 1355 1283 1396 Porcium
1315 1371 1412 1397 cum

82 1407 163 1450 suis
184 1412 416 1466 legionibus
438 1415 543 1459 effer
574 1415 771 1456 decedere
804 1414 842 1455 se
865 1415 974 1463 inde,
1005 1428 1052 1454 ac
1075 1414 1223 1455 deduci
1254 1417 1414 1456 exerci-

81 1477 172 1509 tum
190 1470 445 1512 consularem
464 1474 595 1527 poffe:
628 1474 771 1514 Patres
793 1487 876 1513 non
895 1473 956 1513 M.
978 1472 1142 1512 Livium
1163 1471 1326 1513 tantum
1348 1489 1411 1514 re-

80 1526 168 1568 dire
190 1530 240 1569 ad
261 1529 421 1578 urbem,
455 1531 521 1571 sed
545 1533 744 1586 collegam
777 1545 942 1585 quoque
976 1532 1066 1585 ejus
1098 1530 1148 1571 C.
1182 1531 1408 1572 Claudium

75 1585 289 1641 jufferunt.
351 1589 398 1629 Id
422 1588 607 1630 modoin
629 1592 796 1631 decreto
830 1589 1032 1639 interfuit,
1066 1587 1179 1643 quod
1213 1591 1275 1630 M.
1299 1591 1408 1631 Livii

79 1646 306 1687 exercitum
337 1649 478 1689 reduci
501 1652 582 1704 (2),
613 1649 794 1689 Neronis
817 1649 999 1705 legiones
1032 1648 1256 1688 Hannibali
1279 1663 1409 1704 oppo-

78 1703 170 1745 fitas
193 1720 356 1747 manere
374 1707 414 1747 in
432 1708 640 1763 provincia
653 1708 868 1764 jufferunt.
929 1707 1043 1747 Inter
1059 1706 1244 1747 consules
1264 1708 1316 1747 ita
1334 1723 1408 1762 per

76 1762 214 1805 literas
231 1766 438 1815 convenit,
469 1777 529 1815 ut,
562 1767 913 1822 quemadmodum
937 1780 1022 1805 uno
1051 1765 1187 1805 animo
1210 1766 1407 1820 rempub-

76 1821 197 1863 licam
221 1829 246 1877 †
267 1824 479 1879 geffiffent,
512 1826 582 1876 ita,
615 1839 852 1880 quanquam
883 1839 933 1865 ex
969 1823 1130 1864 diversis
1167 1824 1404 1879 regionibus

76 1883 361 1934 convenirent,
391 1898 474 1924 uno
498 1895 682 1939 tempore
714 1885 764 1924 ad
797 1883 940 1923 urbem
974 1879 1227 1922 accederent.
1291 1883 1404 1923 Prae-

75 1940 187 1980 neste
219 1941 290 1995 qui
324 1943 435 1996 prior
456 1944 636 1991 veniffet,
667 1944 865 1996 collegam
890 1941 944 1981 ibi
966 1940 1143 1993 opperiri
1171 1939 1299 1995 juffus
1323 1944 1400 1995 (3).

75 1998 199 2039 Forte*
221 2000 275 2039 ita
297 2000 448 2050 evenit,
482 2013 526 2041 ut
560 2002 705 2042 eodem
729 2001 794 2040 die
828 1999 948 2040 ambo
972 1997 1175 2038 Praeneste
1198 1999 1397 2040 venirent.

135 2063 255 2099 TOM.
275 2058 352 2098 IV.
725 2059 773 2099 M
992 2094 995 2095 γ
1302 2057 1400 2098 inde

75 2178 98 2205 is
114 2189 183 2217 ager
202 2176 440 2219 Cqffimdrenſsum
471 2185 541 2209 erat.
587 2177 644 2219 (4)
671 2177 747 2208 Hoc
772 2173 945 2218 oppidum,
968 2174 1010 2205 ab
1041 2175 1155 2206 Attalo
1181 2172 1212 2205 Sc
1237 2175 1397 2207 Romanis

75 2223 188 2262 paullo
221 2225 297 2253 ante
327 2216 564 2265 eipuguatum,
586 2223 740 2254 reliclum
771 2222 890 2253 deinde
907 2220 999 2251 fuiffe
1028 2220 1174 2262 Philippi
1192 2221 1225 2251 in
1243 2222 1396 2252 Eubaeam

73 2268 221 2299 adventu
240 2268 490 2311 intelligendum
502 2269 552 2300 est.
602 2270 716 2311 (5)1ta
733 2267 820 2298 infra
837 2277 862 2297 c.
884 2275 923 2304 45
955 2266 1093 2308 ‘Triginta
1110 2269 1228 2297 navium
1244 2269 1393 2300 carinae...

73 2326 157 2354 quum
173 2314 254 2356 gffent
265 2315 372 2358 pqſstae.
404 2315 454 2345 Sic
470 2316 501 2345 ὅ(
515 2315 673 2346 nostrates
686 2313 718 2344 in
731 2314 845 2344 essdem
863 2323 896 2342 rc
910 2311 1024 2342 dicunt
1036 2314 1099 2341 laid
1111 2316 1208 2343 down.
1224 2314 1259 2341 E.

122 2361 161 2392 C.
178 2369 208 2400 9.
222 2362 278 2401 (1)
293 2360 368 2392 Vid.
386 2369 444 2391 not
472 2372 499 2391 A·
517 2362 559 2392 ad
573 2371 602 2391 c.
625 2370 674 2400 39.
691 2359 714 2391 l.
740 2369 790 2398 27.
809 2357 919 2399 supra.
966 2359 1023 2398 (2)
1036 2358 1222 2389 Crevierius
1240 2357 1331 2388 dedit
1349 2361 1396 2388 de-

73 2407 146 2443 duci,
170 2416 214 2446 qu
232 2406 260 2437 ⁴d
277 2409 364 2437 certe
383 2406 515 2437 solenne
529 2406 570 2437 est
587 2405 620 2437 in
641 2404 700 2436 hac
720 2415 754 2436 re
770 2404 920 2436 verbum.
966 2404 1028 2434 Sed
1050 2404 1082 2433 St
1099 2403 1240 2434 alterum
1258 2403 1392 2435 Livium

74 2451 242 2492 usurpasse
271 2451 408 2489 constat;
433 2452 545 2493 itaque
571 2451 699 2483 codices
730 2449 784 2481 hic
814 2450 944 2481 tantum
973 2459 1040 2479 non
1058 2459 1180 2479 omnes.
1231 2450 1288 2488 (3)
1307 2448 1392 2482 Mihi

73 2497 170 2528 valde
182 2497 367 2539 suspectum
379 2497 423 2528 est
440 2499 474 2527 ero*
488 2497 565 2540 ‘affas
577 2512 586 2528 .·
613 2507 720 2537 neque
736 2495 823 2527 enim
841 2505 914 2536 quae
933 2493 1060 2524 senatus
1071 2493 1215 2535 jusserat,
1245 2494 1297 2525 sed
1321 2505 1392 2536 quse

72 2541 158 2574 inter
175 2543 323 2575 consules
335 2550 572 2579 convenerant,
593 2553 680 2573 nunc
695 2549 806 2573 narrat
820 2540 944 2572 Livius.
995 2539 1085 2570 Nihil
1104 2539 1236 2579 quidem
1248 2551 1285 2570 ex
1303 2540 1393 2571 codi-

73 2588 162 2620 cibus
188 2597 339 2620 notatum
358 2589 467 2625 videm
491 2596 601 2620 tamen
627 2587 805 2631 istudjtffus
831 2586 871 2617 ab
902 2585 1042 2617 indoffls
1072 2584 1213 2617 librariis
1242 2585 1394 2617 additum

1268 2632 1394 2671 eculeo,
