<?xml version="1.0" encoding="UTF-8"?>
<!DOCTYPE html PUBLIC "-//W3C//DTD XHTML 1.0 Transitional//EN"
    "http://www.w3.org/TR/xhtml1/DTD/xhtml1-transitional.dtd">
<html xmlns="http://www.w3.org/1999/xhtml" xml:lang="en" lang="en">
 <head>
  <title>
</title>
<meta http-equiv="Content-Type" content="text/html;charset=utf-8" />
  <meta name='ocr-system' content='tesseract 3.04.00' />
  <meta name='ocr-capabilities' content='ocr_page ocr_carea ocr_par ocr_line ocrx_word'/>
</head>
<body>
  <div class='ocr_page' id='page_1' title='image "./historiaeromanae02livyuoft_0711.png"; bbox 0 0 1834 3099; ppageno 0'>
   <div class='ocr_carea' id='block_1_1' title="bbox 345 169 1265 215">
    <p class='ocr_par' dir='ltr' id='par_1_1' title="bbox 345 169 1265 215">
     <span class='ocr_line' id='line_1_1' title="bbox 345 169 1265 215; baseline 0 -1"><span class='ocrx_word' id='word_1_1' title='bbox 345 170 595 215; x_wconf 84' lang='lat' dir='ltr'>LIBER</span> <span class='ocrx_word' id='word_1_2' title='bbox 646 169 784 212; x_wconf 88' lang='lat' dir='ltr'><strong>XXX.</strong></span> <span class='ocrx_word' id='word_1_3' title='bbox 839 169 1009 213; x_wconf 89' lang='lat' dir='ltr'><strong>CAP.</strong></span> <span class='ocrx_word' id='word_1_4' title='bbox 1059 169 1265 214; x_wconf 82' lang='lat' dir='ltr'>XXXIV.</span> 
     </span>
    </p>
   </div>
   <div class='ocr_carea' id='block_1_2' title="bbox 109 285 1461 2351">
    <p class='ocr_par' dir='ltr' id='par_1_2' title="bbox 113 285 1453 932">
     <span class='ocr_line' id='line_1_2' title="bbox 116 285 1447 343; baseline -0.001 -14"><span class='ocrx_word' id='word_1_5' title='bbox 116 285 324 329; x_wconf 67' lang='lat' dir='ltr'>Masinissa</span> <span class='ocrx_word' id='word_1_6' title='bbox 358 289 551 343; x_wconf 74' lang='lat' dir='ltr'>perculsis</span> <span class='ocrx_word' id='word_1_7' title='bbox 588 298 803 337; x_wconf 87' lang='lat' dir='ltr'>terrorem,</span> <span class='ocrx_word' id='word_1_8' title='bbox 854 287 1107 343; x_wconf 51' lang='lat' dir='ltr'>nudavitque</span> <span class='ocrx_word' id='word_1_9' title='bbox 1145 287 1195 328; x_wconf 89' lang='lat' dir='ltr'>ab</span> <span class='ocrx_word' id='word_1_10' title='bbox 1238 288 1285 329; x_wconf 72' lang='lat' dir='ltr'>ea</span> <span class='ocrx_word' id='word_1_11' title='bbox 1334 294 1447 342; x_wconf 87' lang='lat' dir='ltr'>parte</span> 
     </span>
     <span class='ocr_line' id='line_1_3' title="bbox 115 347 1451 400; baseline 0 -13"><span class='ocrx_word' id='word_1_12' title='bbox 115 347 247 388; x_wconf 75' lang='lat' dir='ltr'>aciem</span> <span class='ocrx_word' id='word_1_13' title='bbox 280 348 456 400; x_wconf 83' lang='lat' dir='ltr'>equestri</span> <span class='ocrx_word' id='word_1_14' title='bbox 489 348 655 388; x_wconf 84' lang='lat' dir='ltr'>auxilio.</span> <span class='ocrx_word' id='word_1_15' title='bbox 716 347 866 388; x_wconf 82' lang='lat' dir='ltr'>Paucae</span> <span class='ocrx_word' id='word_1_16' title='bbox 886 358 1025 388; x_wconf 89' lang='lat' dir='ltr'>tamen</span> <span class='ocrx_word' id='word_1_17' title='bbox 1056 347 1292 398; x_wconf 83' lang='lat' dir='ltr'>bestiarum,</span> <span class='ocrx_word' id='word_1_18' title='bbox 1325 347 1451 387; x_wconf 88' lang='lat' dir='ltr'>intre-</span> 
     </span>
     <span class='ocr_line' id='line_1_4' title="bbox 114 405 1451 459; baseline 0.004 -15"><span class='ocrx_word' id='word_1_19' title='bbox 114 405 223 459; x_wconf 82' lang='lat' dir='ltr'>pidae</span> <span class='ocrx_word' id='word_1_20' title='bbox 254 405 295 445; x_wconf 90' lang='lat' dir='ltr'>in</span> <span class='ocrx_word' id='word_1_21' title='bbox 317 405 476 447; x_wconf 81' lang='lat' dir='ltr'>hostem</span> <span class='ocrx_word' id='word_1_22' title='bbox 495 407 617 458; x_wconf 52' lang='lat' dir='ltr'>aare,</span> <span class='ocrx_word' id='word_1_23' title='bbox 645 406 751 445; x_wconf 88' lang='lat' dir='ltr'>inter</span> <span class='ocrx_word' id='word_1_24' title='bbox 785 405 955 446; x_wconf 83' lang='lat' dir='ltr'>velitum</span> <span class='ocrx_word' id='word_1_25' title='bbox 988 406 1151 447; x_wconf 85' lang='lat' dir='ltr'>ordines</span> <span class='ocrx_word' id='word_1_26' title='bbox 1180 421 1277 447; x_wconf 89' lang='lat' dir='ltr'>cum</span> <span class='ocrx_word' id='word_1_27' title='bbox 1308 406 1451 449; x_wconf 87' lang='lat' dir='ltr'>multis</span> 
     </span>
     <span class='ocr_line' id='line_1_5' title="bbox 116 463 1451 520; baseline 0.001 -16"><span class='ocrx_word' id='word_1_28' title='bbox 116 463 198 505; x_wconf 83' lang='lat' dir='ltr'>suis</span> <span class='ocrx_word' id='word_1_29' title='bbox 238 465 478 507; x_wconf 87' lang='lat' dir='ltr'>vulneribus</span> <span class='ocrx_word' id='word_1_30' title='bbox 518 465 728 520; x_wconf 87' lang='lat' dir='ltr'>ingentem</span> <span class='ocrx_word' id='word_1_31' title='bbox 772 464 946 519; x_wconf 85' lang='lat' dir='ltr'>stragem</span> <span class='ocrx_word' id='word_1_32' title='bbox 989 465 1180 506; x_wconf 80' lang='lat' dir='ltr'>edebant.</span> <span class='ocrx_word' id='word_1_33' title='bbox 1229 465 1451 505; x_wconf 75' lang='lat' dir='ltr'>resilientes</span> 
     </span>
     <span class='ocr_line' id='line_1_6' title="bbox 115 523 1452 579; baseline 0.001 -16"><span class='ocrx_word' id='word_1_34' title='bbox 115 523 228 563; x_wconf 87' lang='lat' dir='ltr'>enim</span> <span class='ocrx_word' id='word_1_35' title='bbox 270 525 320 563; x_wconf 87' lang='lat' dir='ltr'>ad</span> <span class='ocrx_word' id='word_1_36' title='bbox 354 525 587 579; x_wconf 83' lang='lat' dir='ltr'>manipulos</span> <span class='ocrx_word' id='word_1_37' title='bbox 619 523 776 574; x_wconf 88' lang='lat' dir='ltr'>velites,</span> <span class='ocrx_word' id='word_1_38' title='bbox 821 538 952 578; x_wconf 89' lang='lat' dir='ltr'>quum</span> <span class='ocrx_word' id='word_1_39' title='bbox 981 524 1090 565; x_wconf 88' lang='lat' dir='ltr'>viam</span> <span class='ocrx_word' id='word_1_40' title='bbox 1122 523 1368 579; x_wconf 87' lang='lat' dir='ltr'>elephantis,</span> <span class='ocrx_word' id='word_1_41' title='bbox 1400 537 1452 564; x_wconf 86' lang='lat' dir='ltr'>ne</span> 
     </span>
     <span class='ocr_line' id='line_1_7' title="bbox 114 581 1453 638; baseline 0.001 -16"><span class='ocrx_word' id='word_1_42' title='bbox 114 581 418 632; x_wconf 80' lang='lat' dir='ltr'>obtererentur,</span> <span class='ocrx_word' id='word_1_43' title='bbox 463 581 671 632; x_wconf 79' lang='lat' dir='ltr'>fecissent3</span> <span class='ocrx_word' id='word_1_44' title='bbox 705 582 748 622; x_wconf 88' lang='lat' dir='ltr'>in</span> <span class='ocrx_word' id='word_1_45' title='bbox 771 585 835 638; x_wconf 84' lang='lat'>(8)</span> <span class='ocrx_word' id='word_1_46' title='bbox 856 583 1056 637; x_wconf 79' lang='lat' dir='ltr'>ancipites</span> <span class='ocrx_word' id='word_1_47' title='bbox 1089 584 1139 623; x_wconf 90' lang='lat' dir='ltr'>ad</span> <span class='ocrx_word' id='word_1_48' title='bbox 1167 583 1299 624; x_wconf 63' lang='lat' dir='ltr'>ic‘tum</span> <span class='ocrx_word' id='word_1_49' title='bbox 1321 583 1453 623; x_wconf 90' lang='lat' dir='ltr'>utrin-</span> 
     </span>
     <span class='ocr_line' id='line_1_8' title="bbox 115 641 1453 698; baseline 0.001 -17"><span class='ocrx_word' id='word_1_50' title='bbox 115 654 197 695; x_wconf 89' lang='lat' dir='ltr'>que</span> <span class='ocrx_word' id='word_1_51' title='bbox 220 642 496 698; x_wconf 79' lang='lat' dir='ltr'>conjiciebant</span> <span class='ocrx_word' id='word_1_52' title='bbox 517 641 681 690; x_wconf 74' lang='lat' dir='ltr'>hastas3</span> <span class='ocrx_word' id='word_1_53' title='bbox 714 655 789 682; x_wconf 88' lang='lat' dir='ltr'>nec</span> <span class='ocrx_word' id='word_1_54' title='bbox 826 642 907 696; x_wconf 85' lang='lat' dir='ltr'>pila</span> <span class='ocrx_word' id='word_1_55' title='bbox 945 641 995 683; x_wconf 89' lang='lat' dir='ltr'>ab</span> <span class='ocrx_word' id='word_1_56' title='bbox 1018 642 1293 698; x_wconf 69' lang='lat' dir='ltr'>antesignanis</span> <span class='ocrx_word' id='word_1_57' title='bbox 1329 642 1453 683; x_wconf 81' lang='lat' dir='ltr'>cessa·</span> 
     </span>
     <span class='ocr_line' id='line_1_9' title="bbox 114 698 1453 754; baseline 0 -14"><span class='ocrx_word' id='word_1_58' title='bbox 114 698 246 749; x_wconf 85' lang='lat' dir='ltr'>bant;</span> <span class='ocrx_word' id='word_1_59' title='bbox 280 703 410 743; x_wconf 90' lang='lat' dir='ltr'>donec</span> <span class='ocrx_word' id='word_1_60' title='bbox 455 700 640 754; x_wconf 86' lang='lat' dir='ltr'>undique</span> <span class='ocrx_word' id='word_1_61' title='bbox 673 700 951 741; x_wconf 83' lang='lat' dir='ltr'>incidentibus</span> <span class='ocrx_word' id='word_1_62' title='bbox 989 701 1080 742; x_wconf 89' lang='lat' dir='ltr'>telis</span> <span class='ocrx_word' id='word_1_63' title='bbox 1119 701 1255 741; x_wconf 62' lang='lat' dir='ltr'>exaEti</span> <span class='ocrx_word' id='word_1_64' title='bbox 1289 714 1342 742; x_wconf 80' lang='lat' dir='ltr'>ex</span> <span class='ocrx_word' id='word_1_65' title='bbox 1362 702 1453 741; x_wconf 80' lang='lat' dir='ltr'>Ro·</span> 
     </span>
     <span class='ocr_line' id='line_1_10' title="bbox 113 759 1452 814; baseline 0 -15"><span class='ocrx_word' id='word_1_66' title='bbox 113 771 237 799; x_wconf 88' lang='lat' dir='ltr'>mana</span> <span class='ocrx_word' id='word_1_67' title='bbox 258 761 360 809; x_wconf 86' lang='lat' dir='ltr'>acie,</span> <span class='ocrx_word' id='word_1_68' title='bbox 392 759 435 800; x_wconf 89' lang='lat' dir='ltr'>hi</span> <span class='ocrx_word' id='word_1_69' title='bbox 458 773 622 813; x_wconf 83' lang='lat' dir='ltr'>quoqne</span> <span class='ocrx_word' id='word_1_70' title='bbox 650 759 691 799; x_wconf 89' lang='lat' dir='ltr'>in</span> <span class='ocrx_word' id='word_1_71' title='bbox 714 759 786 800; x_wconf 84' lang='lat' dir='ltr'>suo</span> <span class='ocrx_word' id='word_1_72' title='bbox 807 760 954 799; x_wconf 80' lang='lat' dir='ltr'>dextro</span> <span class='ocrx_word' id='word_1_73' title='bbox 976 773 1105 800; x_wconf 90' lang='lat' dir='ltr'>cornu</span> <span class='ocrx_word' id='word_1_74' title='bbox 1129 760 1235 814; x_wconf 87' lang='lat' dir='ltr'>ipsos</span> <span class='ocrx_word' id='word_1_75' title='bbox 1272 759 1452 802; x_wconf 81' lang='lat' dir='ltr'>Kartha-</span> 
     </span>
     <span class='ocr_line' id='line_1_11' title="bbox 114 817 1451 874; baseline 0.001 -17"><span class='ocrx_word' id='word_1_76' title='bbox 114 817 360 874; x_wconf 84' lang='lat' dir='ltr'>ginienfium</span> <span class='ocrx_word' id='word_1_77' title='bbox 379 819 537 873; x_wconf 86' lang='lat' dir='ltr'>equites</span> <span class='ocrx_word' id='word_1_78' title='bbox 566 818 607 858; x_wconf 91' lang='lat' dir='ltr'>in</span> <span class='ocrx_word' id='word_1_79' title='bbox 629 817 772 873; x_wconf 81' lang='lat' dir='ltr'>fugam</span> <span class='ocrx_word' id='word_1_80' title='bbox 795 828 1020 858; x_wconf 87' lang='lat' dir='ltr'>verterunt.</span> <span class='ocrx_word' id='word_1_81' title='bbox 1082 818 1252 868; x_wconf 65' lang='lat' dir='ltr'>Laelius,</span> <span class='ocrx_word' id='word_1_82' title='bbox 1284 828 1331 859; x_wconf 89' lang='lat' dir='ltr'>ut</span> <span class='ocrx_word' id='word_1_83' title='bbox 1365 828 1451 860; x_wconf 70' lang='lat' dir='ltr'>tur-</span> 
     </span>
     <span class='ocr_line' id='line_1_12' title="bbox 113 876 1110 932; baseline -0.001 -14"><span class='ocrx_word' id='word_1_84' title='bbox 113 876 231 919; x_wconf 86' lang='lat' dir='ltr'>batos</span> <span class='ocrx_word' id='word_1_85' title='bbox 249 878 350 918; x_wconf 86' lang='lat' dir='ltr'>vidit</span> <span class='ocrx_word' id='word_1_86' title='bbox 371 877 524 926; x_wconf 86' lang='lat' dir='ltr'>hostes,</span> <span class='ocrx_word' id='word_1_87' title='bbox 554 876 669 918; x_wconf 85' lang='lat' dir='ltr'>addit</span> <span class='ocrx_word' id='word_1_88' title='bbox 684 877 875 932; x_wconf 75' lang='lat' dir='ltr'>perculsis</span> <span class='ocrx_word' id='word_1_89' title='bbox 897 888 1110 918; x_wconf 85' lang='lat' dir='ltr'>terrorem.</span> 
     </span>
    </p>

    <p class='ocr_par' dir='ltr' id='par_1_3' title="bbox 109 935 1461 2292">
     <span class='ocr_line' id='line_1_13' title="bbox 174 935 1453 991; baseline 0.001 -14"><span class='ocrx_word' id='word_1_90' title='bbox 174 935 378 979; x_wconf 88' lang='lat' dir='ltr'>XXXIV.</span> <span class='ocrx_word' id='word_1_91' title='bbox 412 936 626 991; x_wconf 88' lang='lat' dir='ltr'>Utrinque</span> <span class='ocrx_word' id='word_1_92' title='bbox 648 936 787 991; x_wconf 86' lang='lat' dir='ltr'>equite</span> <span class='ocrx_word' id='word_1_93' title='bbox 825 937 978 977; x_wconf 81' lang='lat' dir='ltr'>nudata</span> <span class='ocrx_word' id='word_1_94' title='bbox 1015 946 1102 976; x_wconf 88' lang='lat' dir='ltr'>erat</span> <span class='ocrx_word' id='word_1_95' title='bbox 1137 935 1296 977; x_wconf 85' lang='lat' dir='ltr'>Punica</span> <span class='ocrx_word' id='word_1_96' title='bbox 1327 935 1453 988; x_wconf 81' lang='lat' dir='ltr'>acies,</span> 
     </span>
     <span class='ocr_line' id='line_1_14' title="bbox 113 994 1452 1051; baseline 0.001 -15"><span class='ocrx_word' id='word_1_97' title='bbox 113 1009 246 1049; x_wconf 85' lang='lat' dir='ltr'>quum</span> <span class='ocrx_word' id='word_1_98' title='bbox 269 996 392 1049; x_wconf 87' lang='lat' dir='ltr'>pedes</span> <span class='ocrx_word' id='word_1_99' title='bbox 415 995 641 1047; x_wconf 85' lang='lat' dir='ltr'>concurrit,</span> <span class='ocrx_word' id='word_1_100' title='bbox 670 1009 747 1036; x_wconf 91' lang='lat' dir='ltr'>nec</span> <span class='ocrx_word' id='word_1_101' title='bbox 780 994 865 1049; x_wconf 89' lang='lat' dir='ltr'>spe,</span> <span class='ocrx_word' id='word_1_102' title='bbox 897 1009 970 1036; x_wconf 87' lang='lat' dir='ltr'>nec</span> <span class='ocrx_word' id='word_1_103' title='bbox 988 995 1141 1036; x_wconf 84' lang='lat' dir='ltr'>viribus</span> <span class='ocrx_word' id='word_1_104' title='bbox 1166 996 1251 1051; x_wconf 87' lang='lat' dir='ltr'>jam</span> <span class='ocrx_word' id='word_1_105' title='bbox 1283 1009 1370 1051; x_wconf 89' lang='lat' dir='ltr'>par.</span> <span class='ocrx_word' id='word_1_106' title='bbox 1401 997 1452 1037; x_wconf 84' lang='lat' dir='ltr'>ad</span> 
     </span>
     <span class='ocr_line' id='line_1_15' title="bbox 113 1053 1454 1110; baseline -0.001 -15"><span class='ocrx_word' id='word_1_107' title='bbox 113 1053 212 1104; x_wconf 84' lang='lat' dir='ltr'>hoc,</span> <span class='ocrx_word' id='word_1_108' title='bbox 241 1053 361 1095; x_wconf 54' lang='lat' dir='ltr'>dicia</span> <span class='ocrx_word' id='word_1_109' title='bbox 396 1069 536 1110; x_wconf 85' lang='lat' dir='ltr'>parva,</span> <span class='ocrx_word' id='word_1_110' title='bbox 568 1054 634 1096; x_wconf 77' lang='lat' dir='ltr'>sed</span> <span class='ocrx_word' id='word_1_111' title='bbox 673 1054 813 1110; x_wconf 86' lang='lat' dir='ltr'>magni</span> <span class='ocrx_word' id='word_1_112' title='bbox 838 1055 982 1095; x_wconf 81' lang='lat' dir='ltr'>eadem</span> <span class='ocrx_word' id='word_1_113' title='bbox 1017 1054 1059 1094; x_wconf 92' lang='lat' dir='ltr'>in</span> <span class='ocrx_word' id='word_1_114' title='bbox 1096 1068 1139 1095; x_wconf 87' lang='lat' dir='ltr'>re</span> <span class='ocrx_word' id='word_1_115' title='bbox 1161 1054 1341 1109; x_wconf 63' lang='lat' dir='ltr'>gerenda</span> <span class='ocrx_word' id='word_1_116' title='bbox 1362 1068 1454 1095; x_wconf 89' lang='lat' dir='ltr'>mo-</span> 
     </span>
     <span class='ocr_line' id='line_1_16' title="bbox 115 1112 1453 1169; baseline -0.001 -13"><span class='ocrx_word' id='word_1_117' title='bbox 115 1112 246 1156; x_wconf 86' lang='lat' dir='ltr'>menti</span> <span class='ocrx_word' id='word_1_118' title='bbox 262 1127 328 1155; x_wconf 85' lang='lat' dir='ltr'>res</span> <span class='ocrx_word' id='word_1_119' title='bbox 360 1116 437 1168; x_wconf 78' lang='lat' dir='ltr'>(i),</span> <span class='ocrx_word' id='word_1_120' title='bbox 469 1127 702 1169; x_wconf 85' lang='lat' dir='ltr'>congruens</span> <span class='ocrx_word' id='word_1_121' title='bbox 736 1114 893 1155; x_wconf 86' lang='lat' dir='ltr'>clamor</span> <span class='ocrx_word' id='word_1_122' title='bbox 914 1129 936 1154; x_wconf 87' lang='lat' dir='ltr'>a</span> <span class='ocrx_word' id='word_1_123' title='bbox 958 1113 1178 1160; x_wconf 84' lang='lat' dir='ltr'>Romanis,</span> <span class='ocrx_word' id='word_1_124' title='bbox 1209 1127 1342 1168; x_wconf 88' lang='lat' dir='ltr'>eoque</span> <span class='ocrx_word' id='word_1_125' title='bbox 1366 1128 1453 1154; x_wconf 91' lang='lat' dir='ltr'>ma-</span> 
     </span>
     <span class='ocr_line' id='line_1_17' title="bbox 109 1172 1453 1230; baseline 0.002 -19"><span class='ocrx_word' id='word_1_126' title='bbox 109 1172 179 1230; x_wconf 78' lang='lat' dir='ltr'>jor</span> <span class='ocrx_word' id='word_1_127' title='bbox 207 1174 255 1214; x_wconf 64' lang='grc' dir='ltr'>4δι’</span> <span class='ocrx_word' id='word_1_128' title='bbox 295 1172 548 1222; x_wconf 60' lang='lat' dir='ltr'>terribilior,</span> <span class='ocrx_word' id='word_1_129' title='bbox 600 1173 765 1214; x_wconf 82' lang='lat' dir='ltr'>diffonae</span> <span class='ocrx_word' id='word_1_130' title='bbox 807 1173 904 1224; x_wconf 74' lang='lat' dir='ltr'>illis,</span> <span class='ocrx_word' id='word_1_131' title='bbox 933 1184 978 1212; x_wconf 87' lang='lat' dir='ltr'>ut</span> <span class='ocrx_word' id='word_1_132' title='bbox 1003 1173 1189 1227; x_wconf 84' lang='lat' dir='ltr'>gentium</span> <span class='ocrx_word' id='word_1_133' title='bbox 1225 1174 1453 1214; x_wconf 83' lang='lat' dir='ltr'>multarum</span> 
     </span>
     <span class='ocr_line' id='line_1_18' title="bbox 113 1230 1454 1288; baseline -0.001 -15"><span class='ocrx_word' id='word_1_134' title='bbox 113 1230 440 1286; x_wconf 81' lang='lat' dir='ltr'>discrepantibus</span> <span class='ocrx_word' id='word_1_135' title='bbox 462 1231 631 1288; x_wconf 84' lang='lat' dir='ltr'>linguis,</span> <span class='ocrx_word' id='word_1_136' title='bbox 662 1245 798 1274; x_wconf 83' lang='lat' dir='ltr'>voces.</span> <span class='ocrx_word' id='word_1_137' title='bbox 826 1246 965 1287; x_wconf 86' lang='lat' dir='ltr'>pugna</span> <span class='ocrx_word' id='word_1_138' title='bbox 988 1231 1181 1272; x_wconf 82' lang='lat' dir='ltr'>Romana</span> <span class='ocrx_word' id='word_1_139' title='bbox 1203 1231 1371 1281; x_wconf 82' lang='lat' dir='ltr'>stabilis,</span> <span class='ocrx_word' id='word_1_140' title='bbox 1414 1235 1454 1272; x_wconf 86' lang='lat'>&amp;</span> 
     </span>
     <span class='ocr_line' id='line_1_19' title="bbox 114 1289 1454 1346; baseline -0.001 -14"><span class='ocrx_word' id='word_1_141' title='bbox 114 1289 188 1332; x_wconf 81' lang='lat' dir='ltr'>suo</span> <span class='ocrx_word' id='word_1_142' title='bbox 211 1292 251 1331; x_wconf 77' lang='grc' dir='ltr'>δι</span> <span class='ocrx_word' id='word_1_143' title='bbox 277 1305 490 1332; x_wconf 86' lang='lat' dir='ltr'>armorum</span> <span class='ocrx_word' id='word_1_144' title='bbox 511 1292 694 1346; x_wconf 87' lang='lat' dir='ltr'>pondere</span> <span class='ocrx_word' id='word_1_145' title='bbox 716 1290 1047 1332; x_wconf 87' lang='lat' dir='ltr'>incumbentium</span> <span class='ocrx_word' id='word_1_146' title='bbox 1070 1290 1113 1330; x_wconf 90' lang='lat' dir='ltr'>in</span> <span class='ocrx_word' id='word_1_147' title='bbox 1134 1290 1321 1332; x_wconf 88' lang='lat' dir='ltr'>hostem:</span> <span class='ocrx_word' id='word_1_148' title='bbox 1352 1305 1454 1333; x_wconf 86' lang='lat' dir='ltr'>con-</span> 
     </span>
     <span class='ocr_line' id='line_1_20' title="bbox 114 1348 1453 1406; baseline 0 -16"><span class='ocrx_word' id='word_1_149' title='bbox 114 1348 292 1392; x_wconf 81' lang='lat' dir='ltr'>cursatio</span> <span class='ocrx_word' id='word_1_150' title='bbox 326 1352 366 1391; x_wconf 88' lang='lat'>&amp;</span> <span class='ocrx_word' id='word_1_151' title='bbox 397 1351 593 1391; x_wconf 85' lang='lat' dir='ltr'>velocitas</span> <span class='ocrx_word' id='word_1_152' title='bbox 625 1350 738 1394; x_wconf 86' lang='lat' dir='ltr'>illinc</span> <span class='ocrx_word' id='word_1_153' title='bbox 761 1351 908 1406; x_wconf 84' lang='lat' dir='ltr'>major,</span> <span class='ocrx_word' id='word_1_154' title='bbox 939 1349 1157 1404; x_wconf 72' lang='lat' dir='ltr'>quamvis.</span> <span class='ocrx_word' id='word_1_155' title='bbox 1220 1350 1352 1406; x_wconf 84' lang='lat' dir='ltr'>Igitur</span> <span class='ocrx_word' id='word_1_156' title='bbox 1368 1350 1453 1405; x_wconf 88' lang='lat' dir='ltr'>pri-</span> 
     </span>
     <span class='ocr_line' id='line_1_21' title="bbox 113 1407 1453 1463; baseline 0 -14"><span class='ocrx_word' id='word_1_157' title='bbox 113 1420 185 1449; x_wconf 86' lang='lat' dir='ltr'>mo</span> <span class='ocrx_word' id='word_1_158' title='bbox 226 1407 384 1463; x_wconf 85' lang='lat' dir='ltr'>impetu</span> <span class='ocrx_word' id='word_1_159' title='bbox 418 1410 625 1463; x_wconf 87' lang='lat' dir='ltr'>extemplo</span> <span class='ocrx_word' id='word_1_160' title='bbox 665 1407 830 1450; x_wconf 65' lang='lat' dir='ltr'>movere</span> <span class='ocrx_word' id='word_1_161' title='bbox 867 1410 959 1449; x_wconf 92' lang='lat' dir='ltr'>loco</span> <span class='ocrx_word' id='word_1_162' title='bbox 994 1407 1173 1450; x_wconf 83' lang='lat' dir='ltr'>hostium</span> <span class='ocrx_word' id='word_1_163' title='bbox 1208 1410 1337 1450; x_wconf 87' lang='lat' dir='ltr'>aciem</span> <span class='ocrx_word' id='word_1_164' title='bbox 1363 1410 1453 1449; x_wconf 90' lang='lat' dir='ltr'>Ro-</span> 
     </span>
     <span class='ocr_line' id='line_1_22' title="bbox 114 1466 1452 1523; baseline 0.001 -16"><span class='ocrx_word' id='word_1_165' title='bbox 114 1466 241 1508; x_wconf 87' lang='lat' dir='ltr'>mani.</span> <span class='ocrx_word' id='word_1_166' title='bbox 264 1471 287 1519; x_wconf 79' lang='lat'>‡</span> <span class='ocrx_word' id='word_1_167' title='bbox 310 1468 371 1507; x_wconf 67' lang='lat' dir='ltr'>ala</span> <span class='ocrx_word' id='word_1_168' title='bbox 392 1468 541 1508; x_wconf 91' lang='lat' dir='ltr'>deinde</span> <span class='ocrx_word' id='word_1_169' title='bbox 563 1472 605 1512; x_wconf 74' lang='grc' dir='ltr'>δε</span> <span class='ocrx_word' id='word_1_170' title='bbox 621 1467 873 1509; x_wconf 88' lang='lat' dir='ltr'>umbonibus</span> <span class='ocrx_word' id='word_1_171' title='bbox 904 1467 1126 1523; x_wconf 84' lang='lat' dir='ltr'>pulsantes,</span> <span class='ocrx_word' id='word_1_172' title='bbox 1158 1468 1200 1508; x_wconf 87' lang='lat' dir='ltr'>in</span> <span class='ocrx_word' id='word_1_173' title='bbox 1224 1468 1452 1509; x_wconf 87' lang='lat' dir='ltr'>summotos</span> 
     </span>
     <span class='ocr_line' id='line_1_23' title="bbox 114 1525 1454 1582; baseline 0.001 -16"><span class='ocrx_word' id='word_1_174' title='bbox 114 1527 248 1582; x_wconf 83' lang='lat' dir='ltr'>gradu</span> <span class='ocrx_word' id='word_1_175' title='bbox 268 1525 396 1576; x_wconf 81' lang='lat' dir='ltr'>illato,</span> <span class='ocrx_word' id='word_1_176' title='bbox 427 1526 687 1581; x_wconf 87' lang='lat' dir='ltr'>aliquantum</span> <span class='ocrx_word' id='word_1_177' title='bbox 704 1526 838 1582; x_wconf 88' lang='lat' dir='ltr'>spatii,</span> <span class='ocrx_word' id='word_1_178' title='bbox 867 1528 981 1567; x_wconf 78' lang='lat' dir='ltr'>velut</span> <span class='ocrx_word' id='word_1_179' title='bbox 1002 1528 1116 1567; x_wconf 90' lang='lat' dir='ltr'>nullo</span> <span class='ocrx_word' id='word_1_180' title='bbox 1138 1527 1358 1578; x_wconf 69' lang='lat' dir='ltr'>resistente,</span> <span class='ocrx_word' id='word_1_181' title='bbox 1390 1527 1454 1568; x_wconf 86' lang='lat' dir='ltr'>in-</span> 
     </span>
     <span class='ocr_line' id='line_1_24' title="bbox 116 1585 1461 1641; baseline 0 -14"><span class='ocrx_word' id='word_1_182' title='bbox 116 1585 296 1635; x_wconf 78' lang='lat' dir='ltr'>eefl&#39;ere3</span> <span class='ocrx_word' id='word_1_183' title='bbox 326 1585 570 1641; x_wconf 86' lang='lat' dir='ltr'>urgentibus</span> <span class='ocrx_word' id='word_1_184' title='bbox 601 1589 643 1629; x_wconf 74' lang='grc' dir='ltr'>ὅτ</span> <span class='ocrx_word' id='word_1_185' title='bbox 682 1585 904 1629; x_wconf 77' lang='lat' dir='ltr'>novistimis</span> <span class='ocrx_word' id='word_1_186' title='bbox 930 1585 1100 1641; x_wconf 82' lang='lat' dir='ltr'>primos,</span> <span class='ocrx_word' id='word_1_187' title='bbox 1133 1597 1179 1626; x_wconf 88' lang='lat' dir='ltr'>ut</span> <span class='ocrx_word' id='word_1_188' title='bbox 1207 1585 1330 1627; x_wconf 86' lang='lat' dir='ltr'>semel</span> <span class='ocrx_word' id='word_1_189' title='bbox 1362 1600 1461 1627; x_wconf 49' lang='lat' dir='ltr'>mot</span> 
     </span>
     <span class='ocr_line' id='line_1_25' title="bbox 115 1644 1453 1701; baseline -0.001 -13"><span class='ocrx_word' id='word_1_190' title='bbox 115 1653 200 1689; x_wconf 80' lang='lat' dir='ltr'>tam</span> <span class='ocrx_word' id='word_1_191' title='bbox 222 1644 353 1686; x_wconf 81' lang='lat' dir='ltr'>aciem</span> <span class='ocrx_word' id='word_1_192' title='bbox 373 1644 560 1694; x_wconf 78' lang='lat' dir='ltr'>sensere3</span> <span class='ocrx_word' id='word_1_193' title='bbox 592 1645 705 1700; x_wconf 87' lang='lat' dir='ltr'>quod</span> <span class='ocrx_word' id='word_1_194' title='bbox 726 1644 859 1700; x_wconf 88' lang='lat' dir='ltr'>ipsum</span> <span class='ocrx_word' id='word_1_195' title='bbox 882 1645 967 1685; x_wconf 86' lang='lat' dir='ltr'>vim</span> <span class='ocrx_word' id='word_1_196' title='bbox 996 1659 1189 1700; x_wconf 84' lang='lat' dir='ltr'>magnam</span> <span class='ocrx_word' id='word_1_197' title='bbox 1212 1646 1263 1686; x_wconf 89' lang='lat' dir='ltr'>ad</span> <span class='ocrx_word' id='word_1_198' title='bbox 1296 1646 1453 1701; x_wconf 88' lang='lat' dir='ltr'>pellen-</span> 
     </span>
     <span class='ocr_line' id='line_1_26' title="bbox 116 1702 1451 1761; baseline -0.001 -13"><span class='ocrx_word' id='word_1_199' title='bbox 116 1702 220 1748; x_wconf 75' lang='lat' dir='ltr'>dum</span> <span class='ocrx_word' id='word_1_200' title='bbox 237 1703 400 1747; x_wconf 83' lang='lat' dir='ltr'>hostem</span> <span class='ocrx_word' id='word_1_201' title='bbox 423 1703 612 1748; x_wconf 75' lang='lat' dir='ltr'>addebat.</span> <span class='ocrx_word' id='word_1_202' title='bbox 680 1705 805 1761; x_wconf 85' lang='lat' dir='ltr'>Apud</span> <span class='ocrx_word' id='word_1_203' title='bbox 836 1703 989 1754; x_wconf 85' lang='lat' dir='ltr'>hostes,</span> <span class='ocrx_word' id='word_1_204' title='bbox 1021 1704 1238 1744; x_wconf 81' lang='lat' dir='ltr'>auxiliares</span> <span class='ocrx_word' id='word_1_205' title='bbox 1259 1706 1451 1746; x_wconf 85' lang='lat' dir='ltr'>cedentes</span> 
     </span>
     <span class='ocr_line' id='line_1_27' title="bbox 113 1761 1454 1820; baseline -0.001 -13"><span class='ocrx_word' id='word_1_206' title='bbox 113 1761 294 1807; x_wconf 79' lang='lat' dir='ltr'>secunda</span> <span class='ocrx_word' id='word_1_207' title='bbox 326 1763 450 1814; x_wconf 83' lang='lat' dir='ltr'>acies,</span> <span class='ocrx_word' id='word_1_208' title='bbox 480 1763 578 1807; x_wconf 88' lang='lat' dir='ltr'>Afri</span> <span class='ocrx_word' id='word_1_209' title='bbox 604 1765 643 1805; x_wconf 87' lang='lat'>&amp;</span> <span class='ocrx_word' id='word_1_210' title='bbox 667 1763 1047 1820; x_wconf 84' lang='lat' dir='ltr'>Karthaginienses,</span> <span class='ocrx_word' id='word_1_211' title='bbox 1080 1762 1184 1805; x_wconf 73' lang='lat' dir='ltr'>adeo</span> <span class='ocrx_word' id='word_1_212' title='bbox 1217 1778 1301 1803; x_wconf 88' lang='lat' dir='ltr'>non</span> <span class='ocrx_word' id='word_1_213' title='bbox 1337 1763 1454 1805; x_wconf 87' lang='lat' dir='ltr'>susti-</span> 
     </span>
     <span class='ocr_line' id='line_1_28' title="bbox 114 1820 1454 1877; baseline -0.001 -13"><span class='ocrx_word' id='word_1_214' title='bbox 114 1821 270 1865; x_wconf 82' lang='lat' dir='ltr'>nebant</span> <span class='ocrx_word' id='word_1_215' title='bbox 310 1825 391 1877; x_wconf 88' lang='lat'>(2),</span> <span class='ocrx_word' id='word_1_216' title='bbox 424 1832 470 1865; x_wconf 88' lang='lat' dir='ltr'>ut</span> <span class='ocrx_word' id='word_1_217' title='bbox 503 1820 649 1866; x_wconf 66' lang='lat' dir='ltr'>contra</span> <span class='ocrx_word' id='word_1_218' title='bbox 680 1823 823 1875; x_wconf 83' lang='lat' dir='ltr'>etiam,</span> <span class='ocrx_word' id='word_1_219' title='bbox 855 1837 906 1863; x_wconf 90' lang='lat' dir='ltr'>ne</span> <span class='ocrx_word' id='word_1_220' title='bbox 928 1822 1153 1863; x_wconf 76' lang='lat' dir='ltr'>resistentes</span> <span class='ocrx_word' id='word_1_221' title='bbox 1190 1823 1454 1877; x_wconf 81' lang='lat' dir='ltr'>pertinaciter</span> 
     </span>
     <span class='ocr_line' id='line_1_29' title="bbox 114 1880 1453 1937; baseline 0 -15"><span class='ocrx_word' id='word_1_222' title='bbox 114 1880 272 1936; x_wconf 84' lang='lat' dir='ltr'>primos</span> <span class='ocrx_word' id='word_1_223' title='bbox 301 1883 500 1925; x_wconf 86' lang='lat' dir='ltr'>caedendo</span> <span class='ocrx_word' id='word_1_224' title='bbox 534 1883 585 1923; x_wconf 86' lang='lat' dir='ltr'>ad</span> <span class='ocrx_word' id='word_1_225' title='bbox 622 1881 661 1923; x_wconf 89' lang='lat' dir='ltr'>se</span> <span class='ocrx_word' id='word_1_226' title='bbox 691 1881 923 1937; x_wconf 85' lang='lat' dir='ltr'>perveniret</span> <span class='ocrx_word' id='word_1_227' title='bbox 963 1880 1106 1930; x_wconf 86' lang='lat' dir='ltr'>hostis,</span> <span class='ocrx_word' id='word_1_228' title='bbox 1139 1883 1286 1935; x_wconf 83' lang='lat' dir='ltr'>pedem</span> <span class='ocrx_word' id='word_1_229' title='bbox 1324 1882 1453 1922; x_wconf 82' lang='lat' dir='ltr'>refer-</span> 
     </span>
     <span class='ocr_line' id='line_1_30' title="bbox 115 1936 1452 1996; baseline 0.001 -16"><span class='ocrx_word' id='word_1_230' title='bbox 115 1953 223 1982; x_wconf 82' lang='lat' dir='ltr'>rent.</span> <span class='ocrx_word' id='word_1_231' title='bbox 285 1939 418 1995; x_wconf 84' lang='lat' dir='ltr'>Igitur</span> <span class='ocrx_word' id='word_1_232' title='bbox 439 1941 656 1982; x_wconf 82' lang='lat' dir='ltr'>auxiliares</span> <span class='ocrx_word' id='word_1_233' title='bbox 681 1936 804 1996; x_wconf 49' lang='lat' dir='ltr'>&#39;terga</span> <span class='ocrx_word' id='word_1_234' title='bbox 840 1941 941 1981; x_wconf 89' lang='lat' dir='ltr'>dant</span> <span class='ocrx_word' id='word_1_235' title='bbox 980 1945 1170 1994; x_wconf 75' lang='lat' dir='ltr'>repente:</span> <span class='ocrx_word' id='word_1_236' title='bbox 1205 1943 1262 1989; x_wconf 84' lang='lat'>&amp;‚</span> <span class='ocrx_word' id='word_1_237' title='bbox 1294 1941 1336 1981; x_wconf 88' lang='lat' dir='ltr'>in</span> <span class='ocrx_word' id='word_1_238' title='bbox 1359 1940 1452 1982; x_wconf 87' lang='lat' dir='ltr'>suos</span> 
     </span>
     <span class='ocr_line' id='line_1_31' title="bbox 115 1998 1453 2055; baseline 0.001 -15"><span class='ocrx_word' id='word_1_239' title='bbox 115 1998 233 2046; x_wconf 77' lang='lat' dir='ltr'>versi,</span> <span class='ocrx_word' id='word_1_240' title='bbox 278 1999 428 2054; x_wconf 86' lang='lat' dir='ltr'>partim</span> <span class='ocrx_word' id='word_1_241' title='bbox 462 1999 652 2055; x_wconf 87' lang='lat' dir='ltr'>refugere</span> <span class='ocrx_word' id='word_1_242' title='bbox 689 1999 731 2039; x_wconf 89' lang='lat' dir='ltr'>in</span> <span class='ocrx_word' id='word_1_243' title='bbox 773 1999 995 2040; x_wconf 81' lang='lat' dir='ltr'>secundam</span> <span class='ocrx_word' id='word_1_244' title='bbox 1017 1999 1163 2049; x_wconf 89' lang='lat' dir='ltr'>aciem,</span> <span class='ocrx_word' id='word_1_245' title='bbox 1196 1999 1345 2054; x_wconf 86' lang='lat' dir='ltr'>partim</span> <span class='ocrx_word' id='word_1_246' title='bbox 1367 2014 1453 2041; x_wconf 87' lang='lat' dir='ltr'>non</span> 
     </span>
     <span class='ocr_line' id='line_1_32' title="bbox 114 2056 1451 2114; baseline 0.003 -17"><span class='ocrx_word' id='word_1_247' title='bbox 114 2056 361 2112; x_wconf 72' lang='lat' dir='ltr'>recipientes</span> <span class='ocrx_word' id='word_1_248' title='bbox 394 2058 570 2110; x_wconf 84' lang='lat' dir='ltr'>coedere,</span> <span class='ocrx_word' id='word_1_249' title='bbox 601 2058 662 2100; x_wconf 82' lang='lat' dir='ltr'>uti</span> <span class='ocrx_word' id='word_1_250' title='bbox 694 2058 833 2113; x_wconf 85' lang='lat' dir='ltr'>paullo</span> <span class='ocrx_word' id='word_1_251' title='bbox 862 2057 962 2098; x_wconf 61' lang='lat' dir='ltr'>ante</span> <span class='ocrx_word' id='word_1_252' title='bbox 989 2072 1074 2098; x_wconf 89' lang='lat' dir='ltr'>non</span> <span class='ocrx_word' id='word_1_253' title='bbox 1106 2059 1251 2114; x_wconf 87' lang='lat' dir='ltr'>adjuti,</span> <span class='ocrx_word' id='word_1_254' title='bbox 1286 2061 1325 2100; x_wconf 85' lang='lat'>&amp;</span> <span class='ocrx_word' id='word_1_255' title='bbox 1351 2069 1451 2101; x_wconf 89' lang='lat' dir='ltr'>tunc</span> 
     </span>
     <span class='ocr_line' id='line_1_33' title="bbox 113 2116 1452 2173; baseline 0.001 -16"><span class='ocrx_word' id='word_1_256' title='bbox 113 2116 280 2157; x_wconf 83' lang='lat' dir='ltr'>exclufi.</span> <span class='ocrx_word' id='word_1_257' title='bbox 342 2116 394 2157; x_wconf 85' lang='lat' dir='ltr'>Et</span> <span class='ocrx_word' id='word_1_258' title='bbox 415 2117 542 2172; x_wconf 74' lang='lat' dir='ltr'>prope</span> <span class='ocrx_word' id='word_1_259' title='bbox 564 2118 648 2159; x_wconf 83' lang='lat' dir='ltr'>duo</span> <span class='ocrx_word' id='word_1_260' title='bbox 665 2117 754 2173; x_wconf 84' lang='lat' dir='ltr'>jam</span> <span class='ocrx_word' id='word_1_261' title='bbox 775 2117 977 2172; x_wconf 84' lang='lat' dir='ltr'>permixta</span> <span class='ocrx_word' id='word_1_262' title='bbox 997 2117 1142 2173; x_wconf 87' lang='lat' dir='ltr'>proelia</span> <span class='ocrx_word' id='word_1_263' title='bbox 1158 2128 1288 2167; x_wconf 84' lang='lat' dir='ltr'>erant,</span> <span class='ocrx_word' id='word_1_264' title='bbox 1321 2132 1452 2172; x_wconf 88' lang='lat' dir='ltr'>quum</span> 
     </span>
     <span class='ocr_line' id='line_1_34' title="bbox 115 2174 1454 2231; baseline 0 -13"><span class='ocrx_word' id='word_1_265' title='bbox 115 2174 480 2231; x_wconf 84' lang='lat' dir='ltr'>Karthaginienses</span> <span class='ocrx_word' id='word_1_266' title='bbox 509 2175 627 2218; x_wconf 78' lang='lat' dir='ltr'>simul</span> <span class='ocrx_word' id='word_1_267' title='bbox 653 2190 750 2217; x_wconf 86' lang='lat' dir='ltr'>cum</span> <span class='ocrx_word' id='word_1_268' title='bbox 786 2175 989 2227; x_wconf 81' lang='lat' dir='ltr'>hostibus,</span> <span class='ocrx_word' id='word_1_269' title='bbox 1022 2177 1138 2217; x_wconf 83' lang='lat' dir='ltr'>fimul</span> <span class='ocrx_word' id='word_1_270' title='bbox 1162 2191 1257 2218; x_wconf 91' lang='lat' dir='ltr'>cum</span> <span class='ocrx_word' id='word_1_271' title='bbox 1281 2177 1361 2218; x_wconf 85' lang='lat' dir='ltr'>suis</span> <span class='ocrx_word' id='word_1_272' title='bbox 1383 2192 1454 2218; x_wconf 87' lang='lat' dir='ltr'>co-</span> 
     </span>
     <span class='ocr_line' id='line_1_35' title="bbox 115 2234 1454 2292; baseline 0.003 -17"><span class='ocrx_word' id='word_1_273' title='bbox 115 2244 312 2291; x_wconf 78' lang='lat' dir='ltr'>gerentur</span> <span class='ocrx_word' id='word_1_274' title='bbox 344 2234 556 2277; x_wconf 83' lang='lat' dir='ltr'>conserere</span> <span class='ocrx_word' id='word_1_275' title='bbox 591 2249 754 2279; x_wconf 86' lang='lat' dir='ltr'>manus.</span> <span class='ocrx_word' id='word_1_276' title='bbox 777 2249 862 2277; x_wconf 88' lang='lat' dir='ltr'>non</span> <span class='ocrx_word' id='word_1_277' title='bbox 898 2245 1038 2277; x_wconf 89' lang='lat' dir='ltr'>tamen</span> <span class='ocrx_word' id='word_1_278' title='bbox 1060 2235 1116 2277; x_wconf 84' lang='lat' dir='ltr'>ita</span> <span class='ocrx_word' id='word_1_279' title='bbox 1137 2236 1346 2292; x_wconf 89' lang='lat' dir='ltr'>perculsos</span> <span class='ocrx_word' id='word_1_280' title='bbox 1373 2236 1454 2279; x_wconf 78' lang='lat' dir='ltr'>ira-</span> 
     </span>
    </p>

    <p class='ocr_par' dir='ltr' id='par_1_4' title="bbox 1306 2295 1451 2351">
     <span class='ocr_line' id='line_1_36' title="bbox 1306 2295 1451 2351; baseline 0.014 -15"><span class='ocrx_word' id='word_1_281' title='bbox 1306 2295 1451 2351; x_wconf 79' lang='lat' dir='ltr'>rosque</span> 
     </span>
    </p>
   </div>
   <div class='ocr_carea' id='block_1_3' title="bbox 108 2383 1454 2753">
    <p class='ocr_par' dir='ltr' id='par_1_5' title="bbox 114 2383 1453 2476">
     <span class='ocr_line' id='line_1_37' title="bbox 117 2383 1453 2429; baseline 0.001 -11"><span class='ocrx_word' id='word_1_282' title='bbox 117 2395 186 2418; x_wconf 81' lang='lat' dir='ltr'>non</span> <span class='ocrx_word' id='word_1_283' title='bbox 207 2383 448 2428; x_wconf 79' lang='lat' dir='ltr'>intelligebant.</span> <span class='ocrx_word' id='word_1_284' title='bbox 493 2384 600 2429; x_wconf 48' lang='lat' dir='ltr'>Supra</span> <span class='ocrx_word' id='word_1_285' title='bbox 632 2385 653 2417; x_wconf 77' lang='lat' dir='ltr'>l·</span> <span class='ocrx_word' id='word_1_286' title='bbox 678 2395 733 2426; x_wconf 84' lang='lat'>27.</span> <span class='ocrx_word' id='word_1_287' title='bbox 758 2397 788 2419; x_wconf 88' lang='lat' dir='ltr'>c.</span> <span class='ocrx_word' id='word_1_288' title='bbox 809 2386 862 2419; x_wconf 86' lang='lat'>18.</span> <span class='ocrx_word' id='word_1_289' title='bbox 888 2387 973 2418; x_wconf 74' lang='lat' dir='ltr'>turba</span> <span class='ocrx_word' id='word_1_290' title='bbox 995 2389 1123 2419; x_wconf 76' lang='lat' dir='ltr'>calmum</span> <span class='ocrx_word' id='word_1_291' title='bbox 1154 2388 1289 2418; x_wconf 70' lang='lat' dir='ltr'>t&#39;mmeta</span> <span class='ocrx_word' id='word_1_292' title='bbox 1317 2390 1453 2425; x_wconf 53' lang='lat' dir='ltr'>armatis,</span> 
     </span>
     <span class='ocr_line' id='line_1_38' title="bbox 114 2431 1312 2476; baseline 0.002 -12"><span class='ocrx_word' id='word_1_293' title='bbox 114 2431 172 2474; x_wconf 86' lang='lat'>(8)</span> <span class='ocrx_word' id='word_1_294' title='bbox 187 2431 356 2473; x_wconf 85' lang='lat' dir='ltr'>Utrinque</span> <span class='ocrx_word' id='word_1_295' title='bbox 370 2432 533 2474; x_wconf 75' lang='lat' dir='ltr'>expositos</span> <span class='ocrx_word' id='word_1_296' title='bbox 552 2434 584 2464; x_wconf 69' lang='grc' dir='ltr'>ὃς</span> <span class='ocrx_word' id='word_1_297' title='bbox 601 2441 753 2475; x_wconf 84' lang='lat' dir='ltr'>patentes</span> <span class='ocrx_word' id='word_1_298' title='bbox 767 2433 808 2465; x_wconf 89' lang='lat' dir='ltr'>ad</span> <span class='ocrx_word' id='word_1_299' title='bbox 826 2433 968 2465; x_wconf 84' lang='lat' dir='ltr'>telorum</span> <span class='ocrx_word' id='word_1_300' title='bbox 985 2432 1088 2465; x_wconf 86' lang='lat' dir='ltr'>ictum</span> <span class='ocrx_word' id='word_1_301' title='bbox 1105 2433 1312 2476; x_wconf 78' lang='lat' dir='ltr'>elephantos.</span> 
     </span>
    </p>

    <p class='ocr_par' dir='ltr' id='par_1_6' title="bbox 108 2478 1452 2707">
     <span class='ocr_line' id='line_1_39' title="bbox 162 2478 1452 2522; baseline 0.002 -13"><span class='ocrx_word' id='word_1_302' title='bbox 162 2478 201 2510; x_wconf 87' lang='lat' dir='ltr'>C.</span> <span class='ocrx_word' id='word_1_303' title='bbox 227 2487 283 2517; x_wconf 79' lang='grc'>34.</span> <span class='ocrx_word' id='word_1_304' title='bbox 311 2478 369 2520; x_wconf 85' lang='lat'>(1)</span> <span class='ocrx_word' id='word_1_305' title='bbox 391 2479 498 2521; x_wconf 51' lang='lat' dir='ltr'>Supra</span> <span class='ocrx_word' id='word_1_306' title='bbox 531 2479 554 2512; x_wconf 81' lang='lat' dir='ltr'>l.</span> <span class='ocrx_word' id='word_1_307' title='bbox 578 2489 609 2517; x_wconf 80' lang='grc'>4.</span> <span class='ocrx_word' id='word_1_308' title='bbox 638 2488 667 2511; x_wconf 88' lang='lat' dir='ltr'>c.</span> <span class='ocrx_word' id='word_1_309' title='bbox 690 2487 745 2518; x_wconf 82' lang='lat'>37.</span> <span class='ocrx_word' id='word_1_310' title='bbox 780 2480 897 2510; x_wconf 79' lang='lat' dir='ltr'>Clamor</span> <span class='ocrx_word' id='word_1_311' title='bbox 921 2481 1055 2510; x_wconf 81' lang='lat' dir='ltr'>indicium</span> <span class='ocrx_word' id='word_1_312' title='bbox 1073 2482 1203 2522; x_wconf 80' lang='lat' dir='ltr'>primum</span> <span class='ocrx_word' id='word_1_313' title='bbox 1223 2482 1304 2522; x_wconf 82' lang='lat' dir='ltr'>fuit,</span> <span class='ocrx_word' id='word_1_314' title='bbox 1326 2478 1377 2522; x_wconf 57' lang='lat' dir='ltr'>quii</span> <span class='ocrx_word' id='word_1_315' title='bbox 1408 2493 1452 2512; x_wconf 73' lang='lat' dir='ltr'>res</span> 
     </span>
     <span class='ocr_line' id='line_1_40' title="bbox 116 2525 1452 2568; baseline 0.001 -14"><span class='ocrx_word' id='word_1_316' title='bbox 116 2525 292 2557; x_wconf 76' lang='lat' dir='ltr'>inclinatura</span> <span class='ocrx_word' id='word_1_317' title='bbox 329 2525 405 2568; x_wconf 64' lang='lat' dir='ltr'>effi.</span> <span class='ocrx_word' id='word_1_318' title='bbox 438 2527 590 2556; x_wconf 78' lang='lat' dir='ltr'>excitatior</span> <span class='ocrx_word' id='word_1_319' title='bbox 622 2528 803 2567; x_wconf 82' lang='lat' dir='ltr'>crebriorque</span> <span class='ocrx_word' id='word_1_320' title='bbox 824 2526 860 2556; x_wconf 83' lang='lat' dir='ltr'>ab</span> <span class='ocrx_word' id='word_1_321' title='bbox 891 2525 967 2565; x_wconf 75' lang='lat' dir='ltr'>hoste</span> <span class='ocrx_word' id='word_1_322' title='bbox 976 2525 1109 2566; x_wconf 74' lang='lat' dir='ltr'>fitblatus</span> <span class='ocrx_word' id='word_1_323' title='bbox 1123 2539 1134 2561; x_wconf 82' lang='lat'>,·</span> <span class='ocrx_word' id='word_1_324' title='bbox 1169 2526 1204 2556; x_wconf 84' lang='lat' dir='ltr'>ab</span> <span class='ocrx_word' id='word_1_325' title='bbox 1232 2527 1370 2557; x_wconf 77' lang='lat' dir='ltr'>Romam‘s</span> <span class='ocrx_word' id='word_1_326' title='bbox 1395 2528 1452 2567; x_wconf 68' lang='lat' dir='ltr'>dff-</span> 
     </span>
     <span class='ocr_line' id='line_1_41' title="bbox 108 2570 1451 2614; baseline 0.001 -14"><span class='ocrx_word' id='word_1_327' title='bbox 108 2573 206 2614; x_wconf 74' lang='lat' dir='ltr'>finus,</span> <span class='ocrx_word' id='word_1_328' title='bbox 231 2572 339 2613; x_wconf 81' lang='lat' dir='ltr'>impar,</span> <span class='ocrx_word' id='word_1_329' title='bbox 350 2571 557 2613; x_wconf 58' lang='lat' dir='ltr'>Jbgnibssaepe</span> <span class='ocrx_word' id='word_1_330' title='bbox 573 2573 707 2602; x_wconf 79' lang='lat' dir='ltr'>iteratus.</span> <span class='ocrx_word' id='word_1_331' title='bbox 759 2571 845 2602; x_wconf 89' lang='lat' dir='ltr'>Mox</span> <span class='ocrx_word' id='word_1_332' title='bbox 868 2578 966 2614; x_wconf 80' lang='lat' dir='ltr'>pugna</span> <span class='ocrx_word' id='word_1_333' title='bbox 988 2573 1119 2602; x_wconf 77' lang='lat' dir='ltr'>Romanu</span> <span class='ocrx_word' id='word_1_334' title='bbox 1127 2570 1250 2610; x_wconf 78' lang='lat' dir='ltr'>stabilis</span> <span class='ocrx_word' id='word_1_335' title='bbox 1267 2597 1273 2603; x_wconf 91' lang='lat'>.</span> <span class='ocrx_word' id='word_1_336' title='bbox 1293 2595 1302 2602; x_wconf 85' lang='lat'><strong>.</strong></span> <span class='ocrx_word' id='word_1_337' title='bbox 1319 2598 1324 2603; x_wconf 94' lang='lat'>.</span> <span class='ocrx_word' id='word_1_338' title='bbox 1344 2574 1451 2602; x_wconf 81' lang='lat' dir='ltr'>incum-</span> 
     </span>
     <span class='ocr_line' id='line_1_42' title="bbox 116 2614 1452 2659; baseline 0 -12"><span class='ocrx_word' id='word_1_339' title='bbox 116 2618 262 2653; x_wconf 54' lang='lat' dir='ltr'>fieaettium:</span> <span class='ocrx_word' id='word_1_340' title='bbox 289 2614 338 2648; x_wconf 76' lang='lat' dir='ltr'>Vis</span> <span class='ocrx_word' id='word_1_341' title='bbox 361 2615 501 2658; x_wconf 79' lang='lat' dir='ltr'>genitivi</span> <span class='ocrx_word' id='word_1_342' title='bbox 528 2615 609 2648; x_wconf 80' lang='lat' dir='ltr'>inest</span> <span class='ocrx_word' id='word_1_343' title='bbox 626 2615 793 2658; x_wconf 66' lang='lat' dir='ltr'>adjetstivo</span> <span class='ocrx_word' id='word_1_344' title='bbox 818 2618 963 2648; x_wconf 82' lang='lat' dir='ltr'>Romana.</span> <span class='ocrx_word' id='word_1_345' title='bbox 1012 2616 1091 2649; x_wconf 77' lang='lat' dir='ltr'>Vid.</span> <span class='ocrx_word' id='word_1_346' title='bbox 1112 2618 1275 2656; x_wconf 68' lang='lat' dir='ltr'>ssGenitivi</span> <span class='ocrx_word' id='word_1_347' title='bbox 1303 2619 1365 2659; x_wconf 65' lang='lat' dir='ltr'>qsus</span> <span class='ocrx_word' id='word_1_348' title='bbox 1390 2630 1452 2648; x_wconf 83' lang='lat' dir='ltr'>cum</span> 
     </span>
     <span class='ocr_line' id='line_1_43' title="bbox 118 2662 1231 2707; baseline 0.004 -14"><span class='ocrx_word' id='word_1_349' title='bbox 118 2663 328 2705; x_wconf 69' lang='lat' dir='ltr'>pronominibus</span> <span class='ocrx_word' id='word_1_350' title='bbox 344 2662 513 2707; x_wconf 71' lang='lat' dir='ltr'>pcffeffivis.</span> <span class='ocrx_word' id='word_1_351' title='bbox 529 2664 570 2697; x_wconf 88' lang='lat' dir='ltr'>E.</span> <span class='ocrx_word' id='word_1_352' title='bbox 616 2663 673 2706; x_wconf 79' lang='lat' dir='ltr'>(z)</span> <span class='ocrx_word' id='word_1_353' title='bbox 692 2662 791 2696; x_wconf 83' lang='lat' dir='ltr'>Adeo</span> <span class='ocrx_word' id='word_1_354' title='bbox 812 2673 880 2696; x_wconf 87' lang='lat' dir='ltr'>non</span> <span class='ocrx_word' id='word_1_355' title='bbox 895 2662 1107 2697; x_wconf 80' lang='lat' dir='ltr'>sustentando</span> <span class='ocrx_word' id='word_1_356' title='bbox 1123 2671 1231 2698; x_wconf 81' lang='lat' dir='ltr'>erant.</span> 
     </span>
    </p>

    <p class='ocr_par' dir='ltr' id='par_1_7' title="bbox 1279 2706 1454 2753">
     <span class='ocr_line' id='line_1_44' title="bbox 1279 2706 1454 2753; baseline 0 0"><span class='ocrx_word' id='word_1_357' title='bbox 1279 2706 1454 2753; x_wconf 60' lang='grc' dir='ltr'>(3)]ηῑτὲι</span> 
     </span>
    </p>
   </div>
  </div>
 </body>
</html>
