<?xml version="1.0" encoding="UTF-8"?>
<!DOCTYPE html PUBLIC "-//W3C//DTD XHTML 1.0 Transitional//EN"
    "http://www.w3.org/TR/xhtml1/DTD/xhtml1-transitional.dtd">
<html xmlns="http://www.w3.org/1999/xhtml" xml:lang="en" lang="en">
 <head>
  <title>
</title>
<meta http-equiv="Content-Type" content="text/html;charset=utf-8" />
  <meta name='ocr-system' content='tesseract 3.04.00' />
  <meta name='ocr-capabilities' content='ocr_page ocr_carea ocr_par ocr_line ocrx_word'/>
</head>
<body>
  <div class='ocr_page' id='page_1' title='image "./historiaeromanae02livyuoft_0408.png"; bbox 0 0 1834 3099; ppageno 0'>
   <div class='ocr_carea' id='block_1_1' title="bbox 79 1894 287 1989">
    <p class='ocr_par' dir='ltr' id='par_1_1' title="bbox 79 1894 287 1989">
     <span class='ocr_line' id='line_1_1' title="bbox 82 1894 287 1929; baseline -0.015 -1"><span class='ocrx_word' id='word_1_1' title='bbox 82 1894 234 1929; x_wconf 69' lang='lat' dir='ltr'><strong>Hannibal</strong></span> <span class='ocrx_word' id='word_1_2' title='bbox 244 1905 287 1923; x_wconf 79' lang='lat' dir='ltr'><strong>rc·</strong></span> 
     </span>
     <span class='ocr_line' id='line_1_2' title="bbox 79 1946 258 1989; baseline -0.011 -15"><span class='ocrx_word' id='word_1_3' title='bbox 79 1947 146 1986; x_wconf 71' lang='lat' dir='ltr'><strong>cipit</strong></span> <span class='ocrx_word' id='word_1_4' title='bbox 163 1946 258 1989; x_wconf 68' lang='lat' dir='ltr'><em>ſsgna.</em></span> 
     </span>
    </p>
   </div>
   <div class='ocr_carea' id='block_1_2' title="bbox 833 220 1157 264">
    <p class='ocr_par' dir='ltr' id='par_1_2' title="bbox 833 220 1157 264">
     <span class='ocr_line' id='line_1_3' title="bbox 833 220 1157 264; baseline -0.003 0"><span class='ocrx_word' id='word_1_5' title='bbox 833 222 885 264; x_wconf 87' lang='lat' dir='ltr'><strong>T.</strong></span> <span class='ocrx_word' id='word_1_6' title='bbox 937 220 1157 263; x_wconf 89' lang='lat' dir='ltr'>LIVII</span> 
     </span>
    </p>
   </div>
   <div class='ocr_carea' id='block_1_3' title="bbox 301 338 1637 2219">
    <p class='ocr_par' dir='ltr' id='par_1_3' title="bbox 319 338 1637 867">
     <span class='ocr_line' id='line_1_4' title="bbox 328 338 1636 395; baseline 0.002 -16"><span class='ocrx_word' id='word_1_7' title='bbox 328 339 450 380; x_wconf 77' lang='lat' dir='ltr'><strong>cundi</strong></span> <span class='ocrx_word' id='word_1_8' title='bbox 486 338 630 380; x_wconf 84' lang='lat' dir='ltr'><strong>hastati</strong></span> <span class='ocrx_word' id='word_1_9' title='bbox 655 339 810 395; x_wconf 79' lang='lat' dir='ltr'><strong>lignum</strong></span> <span class='ocrx_word' id='word_1_10' title='bbox 847 341 1086 395; x_wconf 83' lang='lat' dir='ltr'><strong>ademptum</strong></span> <span class='ocrx_word' id='word_1_11' title='bbox 1110 339 1298 395; x_wconf 72' lang='lat' dir='ltr'><strong>signifero</strong></span> <span class='ocrx_word' id='word_1_12' title='bbox 1335 339 1376 380; x_wconf 89' lang='lat' dir='ltr'><strong>in</strong></span> <span class='ocrx_word' id='word_1_13' title='bbox 1407 339 1542 382; x_wconf 86' lang='lat' dir='ltr'><strong>hostes</strong></span> <span class='ocrx_word' id='word_1_14' title='bbox 1572 339 1636 381; x_wconf 84' lang='lat' dir='ltr'><strong>in-</strong></span> 
     </span>
     <span class='ocr_line' id='line_1_5' title="bbox 325 398 1637 455; baseline 0.001 -16"><span class='ocrx_word' id='word_1_15' title='bbox 325 400 404 439; x_wconf 82' lang='lat' dir='ltr'><strong>fert</strong></span> <span class='ocrx_word' id='word_1_16' title='bbox 423 417 434 448; x_wconf 68' lang='grc' dir='ltr'><strong>ς</strong></span> <span class='ocrx_word' id='word_1_17' title='bbox 453 399 664 455; x_wconf 72' lang='lat' dir='ltr'><strong>jaCturum</strong></span> <span class='ocrx_word' id='word_1_18' title='bbox 687 399 728 438; x_wconf 85' lang='lat' dir='ltr'><strong>in</strong></span> <span class='ocrx_word' id='word_1_19' title='bbox 751 399 906 440; x_wconf 86' lang='lat' dir='ltr'><strong>medios</strong></span> <span class='ocrx_word' id='word_1_20' title='bbox 928 414 996 440; x_wconf 87' lang='lat' dir='ltr'><strong>eos</strong></span> <span class='ocrx_word' id='word_1_21' title='bbox 1018 399 1227 449; x_wconf 86' lang='lat' dir='ltr'><strong>minitans,</strong></span> <span class='ocrx_word' id='word_1_22' title='bbox 1260 399 1301 438; x_wconf 88' lang='lat' dir='ltr'><strong>ni</strong></span> <span class='ocrx_word' id='word_1_23' title='bbox 1324 398 1361 439; x_wconf 84' lang='lat' dir='ltr'><strong>se</strong></span> <span class='ocrx_word' id='word_1_24' title='bbox 1384 414 1555 454; x_wconf 85' lang='lat' dir='ltr'><strong>propere</strong></span> <span class='ocrx_word' id='word_1_25' title='bbox 1577 399 1637 440; x_wconf 89' lang='lat' dir='ltr'><strong>se-</strong></span> 
     </span>
     <span class='ocr_line' id='line_1_6' title="bbox 324 458 1636 514; baseline 0.001 -16"><span class='ocrx_word' id='word_1_26' title='bbox 324 470 504 512; x_wconf 76' lang='lat' dir='ltr'><strong>quantur</strong></span> <span class='ocrx_word' id='word_1_27' title='bbox 546 458 712 509; x_wconf 84' lang='lat' dir='ltr'><strong>milites,</strong></span> <span class='ocrx_word' id='word_1_28' title='bbox 746 461 787 500; x_wconf 69' lang='grc' dir='ltr'><strong>δε</strong></span> <span class='ocrx_word' id='word_1_29' title='bbox 829 468 984 513; x_wconf 80' lang='lat' dir='ltr'><strong>partem</strong></span> <span class='ocrx_word' id='word_1_30' title='bbox 1028 459 1228 513; x_wconf 78' lang='lat' dir='ltr'><strong>capefl&#39;ant</strong></span> <span class='ocrx_word' id='word_1_31' title='bbox 1259 472 1421 514; x_wconf 80' lang='lat' dir='ltr'><strong>pugnae,</strong></span> <span class='ocrx_word' id='word_1_32' title='bbox 1484 460 1636 514; x_wconf 85' lang='lat' dir='ltr'><strong>Ingens</strong></span> 
     </span>
     <span class='ocr_line' id='line_1_7' title="bbox 323 516 1636 573; baseline -0.001 -15"><span class='ocrx_word' id='word_1_33' title='bbox 323 532 471 572; x_wconf 83' lang='lat' dir='ltr'><strong>corpus</strong></span> <span class='ocrx_word' id='word_1_34' title='bbox 493 527 593 566; x_wconf 84' lang='lat' dir='ltr'><strong>erat,</strong></span> <span class='ocrx_word' id='word_1_35' title='bbox 628 520 666 558; x_wconf 85' lang='lat'>&amp;</span> <span class='ocrx_word' id='word_1_36' title='bbox 696 531 804 557; x_wconf 83' lang='lat' dir='ltr'><strong>arma</strong></span> <span class='ocrx_word' id='word_1_37' title='bbox 828 516 1123 566; x_wconf 77' lang='lat' dir='ltr'><strong>honestabant3</strong></span> <span class='ocrx_word' id='word_1_38' title='bbox 1160 520 1198 558; x_wconf 84' lang='lat'>&amp;</span> <span class='ocrx_word' id='word_1_39' title='bbox 1223 517 1425 557; x_wconf 81' lang='lat' dir='ltr'><strong>sublatum</strong></span> <span class='ocrx_word' id='word_1_40' title='bbox 1449 516 1527 558; x_wconf 74' lang='lat' dir='ltr'><strong>alte</strong></span> <span class='ocrx_word' id='word_1_41' title='bbox 1561 517 1636 573; x_wconf 86' lang='lat' dir='ltr'><strong>fig·</strong></span> 
     </span>
     <span class='ocr_line' id='line_1_8' title="bbox 322 575 1634 630; baseline 0 -14"><span class='ocrx_word' id='word_1_42' title='bbox 322 591 422 616; x_wconf 72' lang='lat' dir='ltr'><strong>nun]</strong></span> <span class='ocrx_word' id='word_1_43' title='bbox 449 582 463 628; x_wconf 79' lang='grc' dir='ltr'>Η</span> <span class='ocrx_word' id='word_1_44' title='bbox 487 586 741 617; x_wconf 84' lang='lat' dir='ltr'><strong>converterat</strong></span> <span class='ocrx_word' id='word_1_45' title='bbox 763 576 812 616; x_wconf 90' lang='lat' dir='ltr'><strong>ad</strong></span> <span class='ocrx_word' id='word_1_46' title='bbox 835 575 1114 630; x_wconf 60' lang='lat' dir='ltr'><strong>speetaculum</strong></span> <span class='ocrx_word' id='word_1_47' title='bbox 1141 576 1247 617; x_wconf 80' lang='lat' dir='ltr'><strong>cives</strong></span> <span class='ocrx_word' id='word_1_48' title='bbox 1277 575 1503 630; x_wconf 85' lang='lat' dir='ltr'><strong>hostesque.</strong></span> <span class='ocrx_word' id='word_1_49' title='bbox 1525 587 1634 617; x_wconf 89' lang='lat' dir='ltr'><strong>cete-</strong></span> 
     </span>
     <span class='ocr_line' id='line_1_9' title="bbox 321 635 1632 691; baseline 0 -17"><span class='ocrx_word' id='word_1_50' title='bbox 321 639 432 684; x_wconf 75' lang='lat' dir='ltr'><strong>rum,</strong></span> <span class='ocrx_word' id='word_1_51' title='bbox 465 635 677 690; x_wconf 87' lang='lat' dir='ltr'>postquam</span> <span class='ocrx_word' id='word_1_52' title='bbox 708 635 793 690; x_wconf 77' lang='lat' dir='ltr'><strong>jam</strong></span> <span class='ocrx_word' id='word_1_53' title='bbox 830 636 880 675; x_wconf 91' lang='lat' dir='ltr'><strong>ad</strong></span> <span class='ocrx_word' id='word_1_54' title='bbox 915 635 1023 691; x_wconf 85' lang='lat' dir='ltr'><strong>figna</strong></span> <span class='ocrx_word' id='word_1_55' title='bbox 1057 647 1294 690; x_wconf 89' lang='lat' dir='ltr'><strong>pervenerat</strong></span> <span class='ocrx_word' id='word_1_56' title='bbox 1337 635 1632 688; x_wconf 80' lang='lat' dir='ltr'>Hispanorum,</span> 
     </span>
     <span class='ocr_line' id='line_1_10' title="bbox 321 693 1632 750; baseline 0 -17"><span class='ocrx_word' id='word_1_57' title='bbox 321 708 409 734; x_wconf 81' lang='lat' dir='ltr'><strong>tum</strong></span> <span class='ocrx_word' id='word_1_58' title='bbox 433 694 614 748; x_wconf 86' lang='lat' dir='ltr'><strong>undique</strong></span> <span class='ocrx_word' id='word_1_59' title='bbox 637 694 677 733; x_wconf 91' lang='lat' dir='ltr'><strong>in</strong></span> <span class='ocrx_word' id='word_1_60' title='bbox 696 708 790 733; x_wconf 88' lang='lat' dir='ltr'><strong>eum</strong></span> <span class='ocrx_word' id='word_1_61' title='bbox 814 699 828 745; x_wconf 79' lang='grc' dir='ltr'><strong>ΙΙ</strong></span> <span class='ocrx_word' id='word_1_62' title='bbox 851 695 1020 750; x_wconf 82' lang='lat' dir='ltr'><strong>tragulae</strong></span> <span class='ocrx_word' id='word_1_63' title='bbox 1043 694 1255 749; x_wconf 69' lang='lat' dir='ltr'><strong>conje&amp;ae,</strong></span> <span class='ocrx_word' id='word_1_64' title='bbox 1275 697 1315 736; x_wconf 86' lang='lat'>&amp;</span> <span class='ocrx_word' id='word_1_65' title='bbox 1334 693 1459 747; x_wconf 72' lang='lat' dir='ltr'><strong>prope</strong></span> <span class='ocrx_word' id='word_1_66' title='bbox 1483 704 1567 734; x_wconf 84' lang='lat' dir='ltr'><strong>tota</strong></span> <span class='ocrx_word' id='word_1_67' title='bbox 1589 694 1632 734; x_wconf 88' lang='lat' dir='ltr'><strong>in</strong></span> 
     </span>
     <span class='ocr_line' id='line_1_11' title="bbox 320 752 1631 808; baseline 0.001 -16"><span class='ocrx_word' id='word_1_68' title='bbox 320 768 449 793; x_wconf 87' lang='lat' dir='ltr'><strong>unum</strong></span> <span class='ocrx_word' id='word_1_69' title='bbox 473 753 578 793; x_wconf 83' lang='lat' dir='ltr'><strong>acies</strong></span> <span class='ocrx_word' id='word_1_70' title='bbox 602 752 709 793; x_wconf 82' lang='lat' dir='ltr'><strong>versa</strong></span> <span class='ocrx_word' id='word_1_71' title='bbox 729 768 738 793; x_wconf 90' lang='lat'>:</span> <span class='ocrx_word' id='word_1_72' title='bbox 770 752 835 793; x_wconf 82' lang='lat' dir='ltr'><strong>sed</strong></span> <span class='ocrx_word' id='word_1_73' title='bbox 856 767 989 807; x_wconf 85' lang='lat' dir='ltr'><strong>neque</strong></span> <span class='ocrx_word' id='word_1_74' title='bbox 1012 752 1189 792; x_wconf 86' lang='lat' dir='ltr'><strong>hostium</strong></span> <span class='ocrx_word' id='word_1_75' title='bbox 1220 752 1460 803; x_wconf 82' lang='lat' dir='ltr'><strong>multitudo,</strong></span> <span class='ocrx_word' id='word_1_76' title='bbox 1497 766 1631 808; x_wconf 85' lang='lat' dir='ltr'><strong>neque</strong></span> 
     </span>
     <span class='ocr_line' id='line_1_12' title="bbox 319 812 1422 867; baseline -0.001 -15"><span class='ocrx_word' id='word_1_77' title='bbox 319 814 493 853; x_wconf 84' lang='lat' dir='ltr'><strong>telorum</strong></span> <span class='ocrx_word' id='word_1_78' title='bbox 517 812 575 852; x_wconf 82' lang='lat' dir='ltr'><strong>vis</strong></span> <span class='ocrx_word' id='word_1_79' title='bbox 598 825 734 851; x_wconf 82' lang='lat' dir='ltr'><strong>arcere</strong></span> <span class='ocrx_word' id='word_1_80' title='bbox 757 812 956 866; x_wconf 84' lang='lat' dir='ltr'><strong>impetum</strong></span> <span class='ocrx_word' id='word_1_81' title='bbox 979 812 1066 867; x_wconf 84' lang='lat' dir='ltr'><strong>ejus</strong></span> <span class='ocrx_word' id='word_1_82' title='bbox 1088 812 1162 851; x_wconf 90' lang='lat' dir='ltr'><strong>viri</strong></span> <span class='ocrx_word' id='word_1_83' title='bbox 1186 821 1422 866; x_wconf 83' lang='lat' dir='ltr'><strong>potuerunt.</strong></span> 
     </span>
    </p>

    <p class='ocr_par' dir='ltr' id='par_1_4' title="bbox 301 870 1630 2219">
     <span class='ocr_line' id='line_1_13' title="bbox 381 870 1627 926; baseline -0.001 -15"><span class='ocrx_word' id='word_1_84' title='bbox 381 872 454 911; x_wconf 82' lang='lat' dir='ltr'><strong>VI.</strong></span> <span class='ocrx_word' id='word_1_85' title='bbox 485 871 536 911; x_wconf 86' lang='lat' dir='ltr'><strong>Et</strong></span> <span class='ocrx_word' id='word_1_86' title='bbox 559 872 621 911; x_wconf 90' lang='lat' dir='ltr'><strong>M.</strong></span> <span class='ocrx_word' id='word_1_87' title='bbox 646 870 799 911; x_wconf 84' lang='lat' dir='ltr'><strong>Atilius</strong></span> <span class='ocrx_word' id='word_1_88' title='bbox 823 873 1016 926; x_wconf 68' lang='lat' dir='ltr'><strong>legatus,}l</strong></span> <span class='ocrx_word' id='word_1_89' title='bbox 1053 871 1172 925; x_wconf 86' lang='lat' dir='ltr'><strong>primi</strong></span> <span class='ocrx_word' id='word_1_90' title='bbox 1197 870 1391 925; x_wconf 86' lang='lat' dir='ltr'><strong>principis</strong></span> <span class='ocrx_word' id='word_1_91' title='bbox 1413 884 1462 910; x_wconf 83' lang='lat' dir='ltr'><strong>ex</strong></span> <span class='ocrx_word' id='word_1_92' title='bbox 1484 870 1627 911; x_wconf 67' lang='lat' dir='ltr'><strong>eadem</strong></span> 
     </span>
     <span class='ocr_line' id='line_1_14' title="bbox 316 929 1626 985; baseline 0.001 -16"><span class='ocrx_word' id='word_1_93' title='bbox 316 930 478 985; x_wconf 78' lang='lat' dir='ltr'><strong>legione</strong></span> <span class='ocrx_word' id='word_1_94' title='bbox 503 930 658 984; x_wconf 81' lang='lat' dir='ltr'><strong>{ignum</strong></span> <span class='ocrx_word' id='word_1_95' title='bbox 682 929 823 969; x_wconf 83' lang='lat' dir='ltr'><strong>inferri</strong></span> <span class='ocrx_word' id='word_1_96' title='bbox 847 930 887 968; x_wconf 83' lang='lat' dir='ltr'><strong>in</strong></span> <span class='ocrx_word' id='word_1_97' title='bbox 917 929 1129 970; x_wconf 90' lang='lat' dir='ltr'><strong>cohortem</strong></span> <span class='ocrx_word' id='word_1_98' title='bbox 1163 929 1444 984; x_wconf 85' lang='lat' dir='ltr'>Hispanorum</span> <span class='ocrx_word' id='word_1_99' title='bbox 1478 929 1626 984; x_wconf 82' lang='lat' dir='ltr'><strong>coe&#39;git.</strong></span> 
     </span>
     <span class='ocr_line' id='line_1_15' title="bbox 315 987 1626 1043; baseline -0.001 -14"><span class='ocrx_word' id='word_1_100' title='bbox 315 988 384 1037; x_wconf 81' lang='lat' dir='ltr'><strong>Et,</strong></span> <span class='ocrx_word' id='word_1_101' title='bbox 416 989 486 1043; x_wconf 89' lang='lat' dir='ltr'><strong>qui</strong></span> <span class='ocrx_word' id='word_1_102' title='bbox 515 987 652 1028; x_wconf 81' lang='lat' dir='ltr'><strong>castris</strong></span> <span class='ocrx_word' id='word_1_103' title='bbox 685 998 901 1042; x_wconf 74' lang='lat' dir='ltr'><strong>praeerant,</strong></span> <span class='ocrx_word' id='word_1_104' title='bbox 934 988 982 1028; x_wconf 92' lang='lat' dir='ltr'><strong>L.</strong></span> <span class='ocrx_word' id='word_1_105' title='bbox 1006 987 1176 1028; x_wconf 88' lang='lat' dir='ltr'><strong>Porcius</strong></span> <span class='ocrx_word' id='word_1_106' title='bbox 1199 988 1368 1029; x_wconf 83' lang='lat' dir='ltr'>Licinus</span> <span class='ocrx_word' id='word_1_107' title='bbox 1407 991 1445 1029; x_wconf 74' lang='grc' dir='ltr'><strong>δι</strong></span> <span class='ocrx_word' id='word_1_108' title='bbox 1469 988 1522 1028; x_wconf 82' lang='grc' dir='ltr'><strong>Τ.</strong></span> <span class='ocrx_word' id='word_1_109' title='bbox 1546 988 1626 1028; x_wconf 91' lang='lat' dir='ltr'><strong>Po-</strong></span> 
     </span>
     <span class='ocr_line' id='line_1_16' title="bbox 314 1046 1628 1102; baseline 0 -16"><span class='ocrx_word' id='word_1_110' title='bbox 314 1047 451 1101; x_wconf 68' lang='lat' dir='ltr'><strong>pillius</strong></span> <span class='ocrx_word' id='word_1_111' title='bbox 474 1047 595 1101; x_wconf 82' lang='lat' dir='ltr'><strong>legati</strong></span> <span class='ocrx_word' id='word_1_112' title='bbox 618 1060 691 1100; x_wconf 89' lang='lat' dir='ltr'><strong>pro</strong></span> <span class='ocrx_word' id='word_1_113' title='bbox 723 1047 827 1086; x_wconf 82' lang='lat' dir='ltr'><strong>vallo</strong></span> <span class='ocrx_word' id='word_1_114' title='bbox 850 1046 996 1086; x_wconf 81' lang='lat' dir='ltr'><strong>acriter</strong></span> <span class='ocrx_word' id='word_1_115' title='bbox 1016 1060 1294 1102; x_wconf 88' lang='lat' dir='ltr'><strong>propugnant,</strong></span> <span class='ocrx_word' id='word_1_116' title='bbox 1310 1046 1628 1101; x_wconf 83' lang='lat' dir='ltr'><strong>elephantosque</strong></span> 
     </span>
     <span class='ocr_line' id='line_1_17' title="bbox 316 1104 1630 1161; baseline 0.001 -16"><span class='ocrx_word' id='word_1_117' title='bbox 316 1106 655 1161; x_wconf 81' lang='lat' dir='ltr'><strong>transgredientes</strong></span> <span class='ocrx_word' id='word_1_118' title='bbox 676 1105 718 1145; x_wconf 89' lang='lat' dir='ltr'><strong>in</strong></span> <span class='ocrx_word' id='word_1_119' title='bbox 740 1104 825 1158; x_wconf 86' lang='lat' dir='ltr'><strong>ipso</strong></span> <span class='ocrx_word' id='word_1_120' title='bbox 846 1106 951 1144; x_wconf 86' lang='lat' dir='ltr'><strong>vallo</strong></span> <span class='ocrx_word' id='word_1_121' title='bbox 975 1105 1214 1145; x_wconf 82' lang='lat' dir='ltr'><strong>conficiunt.</strong></span> <span class='ocrx_word' id='word_1_122' title='bbox 1238 1120 1414 1160; x_wconf 87' lang='lat' dir='ltr'><strong>quorum</strong></span> <span class='ocrx_word' id='word_1_123' title='bbox 1446 1105 1630 1160; x_wconf 87' lang='lat' dir='ltr'><strong>corpori-</strong></span> 
     </span>
     <span class='ocr_line' id='line_1_18' title="bbox 312 1163 1630 1219; baseline -0.001 -14"><span class='ocrx_word' id='word_1_124' title='bbox 312 1165 388 1205; x_wconf 87' lang='lat' dir='ltr'><strong>bus</strong></span> <span class='ocrx_word' id='word_1_125' title='bbox 411 1179 540 1218; x_wconf 89' lang='lat' dir='ltr'><strong>quum</strong></span> <span class='ocrx_word' id='word_1_126' title='bbox 563 1165 725 1219; x_wconf 86' lang='lat' dir='ltr'><strong>oppleta</strong></span> <span class='ocrx_word' id='word_1_127' title='bbox 748 1164 842 1204; x_wconf 81' lang='lat' dir='ltr'><strong>effet</strong></span> <span class='ocrx_word' id='word_1_128' title='bbox 874 1163 987 1214; x_wconf 82' lang='lat' dir='ltr'><strong>foffa,</strong></span> <span class='ocrx_word' id='word_1_129' title='bbox 1019 1164 1131 1204; x_wconf 87' lang='lat' dir='ltr'><strong>velut</strong></span> <span class='ocrx_word' id='word_1_130' title='bbox 1152 1178 1299 1219; x_wconf 83' lang='lat' dir='ltr'><strong>aggere</strong></span> <span class='ocrx_word' id='word_1_131' title='bbox 1321 1174 1391 1204; x_wconf 89' lang='lat' dir='ltr'><strong>aut</strong></span> <span class='ocrx_word' id='word_1_132' title='bbox 1414 1179 1538 1218; x_wconf 77' lang='lat' dir='ltr'><strong>ponte</strong></span> <span class='ocrx_word' id='word_1_133' title='bbox 1567 1165 1630 1204; x_wconf 86' lang='lat' dir='ltr'><strong>in-</strong></span> 
     </span>
     <span class='ocr_line' id='line_1_19' title="bbox 307 1221 1627 1280; baseline -0.001 -16"><span class='ocrx_word' id='word_1_134' title='bbox 307 1225 440 1280; x_wconf 65' lang='lat' dir='ltr'><strong>jecto,</strong></span> <span class='ocrx_word' id='word_1_135' title='bbox 472 1224 683 1264; x_wconf 77' lang='lat' dir='ltr'><strong>transitum</strong></span> <span class='ocrx_word' id='word_1_136' title='bbox 723 1221 907 1263; x_wconf 87' lang='lat' dir='ltr'><strong>hostibus</strong></span> <span class='ocrx_word' id='word_1_137' title='bbox 949 1223 1072 1263; x_wconf 87' lang='lat' dir='ltr'><strong>dedit.</strong></span> <span class='ocrx_word' id='word_1_138' title='bbox 1153 1222 1214 1263; x_wconf 84' lang='lat' dir='ltr'><strong>Ibi</strong></span> <span class='ocrx_word' id='word_1_139' title='bbox 1236 1222 1535 1278; x_wconf 85' lang='lat' dir='ltr'><strong>per†stragem</strong></span> <span class='ocrx_word' id='word_1_140' title='bbox 1563 1224 1627 1279; x_wconf 89' lang='lat' dir='ltr'><strong>ja-</strong></span> 
     </span>
     <span class='ocr_line' id='line_1_20' title="bbox 310 1281 1626 1336; baseline 0 -14"><span class='ocrx_word' id='word_1_141' title='bbox 310 1283 492 1323; x_wconf 86' lang='lat' dir='ltr'><strong>centium</strong></span> <span class='ocrx_word' id='word_1_142' title='bbox 529 1282 841 1336; x_wconf 83' lang='lat' dir='ltr'><strong>elephantorum</strong></span> <span class='ocrx_word' id='word_1_143' title='bbox 885 1291 999 1321; x_wconf 87' lang='lat' dir='ltr'><strong>atrox</strong></span> <span class='ocrx_word' id='word_1_144' title='bbox 1037 1281 1146 1322; x_wconf 85' lang='lat' dir='ltr'><strong>edita</strong></span> <span class='ocrx_word' id='word_1_145' title='bbox 1184 1283 1329 1322; x_wconf 87' lang='lat' dir='ltr'><strong>caedes.</strong></span> <span class='ocrx_word' id='word_1_146' title='bbox 1419 1282 1550 1322; x_wconf 49' lang='lat' dir='ltr'><strong>altera</strong></span> <span class='ocrx_word' id='word_1_147' title='bbox 1583 1282 1626 1322; x_wconf 91' lang='lat' dir='ltr'><strong>in</strong></span> 
     </span>
     <span class='ocr_line' id='line_1_21' title="bbox 308 1340 1628 1396; baseline -0.002 -13"><span class='ocrx_word' id='word_1_148' title='bbox 308 1352 422 1396; x_wconf 73' lang='lat' dir='ltr'><strong>parte</strong></span> <span class='ocrx_word' id='word_1_149' title='bbox 445 1342 671 1383; x_wconf 62' lang='lat' dir='ltr'><strong>castrorum</strong></span> <span class='ocrx_word' id='word_1_150' title='bbox 700 1341 786 1396; x_wconf 81' lang='lat' dir='ltr'><strong>jam</strong></span> <span class='ocrx_word' id='word_1_151' title='bbox 813 1345 827 1393; x_wconf 77' lang='grc' dir='ltr'>Η</span> <span class='ocrx_word' id='word_1_152' title='bbox 855 1340 1014 1395; x_wconf 87' lang='lat' dir='ltr'><strong>impulfi</strong></span> <span class='ocrx_word' id='word_1_153' title='bbox 1036 1350 1153 1381; x_wconf 86' lang='lat' dir='ltr'><strong>erant</strong></span> <span class='ocrx_word' id='word_1_154' title='bbox 1175 1340 1376 1395; x_wconf 82' lang='lat' dir='ltr'><strong>Campani</strong></span> <span class='ocrx_word' id='word_1_155' title='bbox 1398 1340 1628 1382; x_wconf 88' lang='lat' dir='ltr'><strong>Punicum-</strong></span> 
     </span>
     <span class='ocr_line' id='line_1_22' title="bbox 308 1399 1626 1455; baseline -0.001 -14"><span class='ocrx_word' id='word_1_156' title='bbox 308 1416 388 1455; x_wconf 90' lang='lat' dir='ltr'><strong>que</strong></span> <span class='ocrx_word' id='word_1_157' title='bbox 406 1401 652 1455; x_wconf 82' lang='lat' dir='ltr'><strong>praefidium,</strong></span> <span class='ocrx_word' id='word_1_158' title='bbox 677 1403 716 1441; x_wconf 66' lang='grc' dir='ltr'>ἃ</span> <span class='ocrx_word' id='word_1_159' title='bbox 741 1399 813 1439; x_wconf 89' lang='lat' dir='ltr'><strong>sub</strong></span> <span class='ocrx_word' id='word_1_160' title='bbox 835 1399 915 1455; x_wconf 65' lang='lat' dir='ltr'><strong>ipsa</strong></span> <span class='ocrx_word' id='word_1_161' title='bbox 934 1399 1049 1454; x_wconf 67' lang='lat' dir='ltr'><strong>porta</strong></span> <span class='ocrx_word' id='word_1_162' title='bbox 1068 1399 1236 1454; x_wconf 66' lang='lat' dir='ltr'><strong>Capuae,</strong></span> <span class='ocrx_word' id='word_1_163' title='bbox 1254 1414 1345 1454; x_wconf 87' lang='lat' dir='ltr'><strong>quae</strong></span> <span class='ocrx_word' id='word_1_164' title='bbox 1365 1401 1426 1454; x_wconf 91' lang='lat'><strong>(1)</strong></span> <span class='ocrx_word' id='word_1_165' title='bbox 1450 1399 1626 1440; x_wconf 90' lang='lat' dir='ltr'><strong>Vultur-</strong></span> 
     </span>
     <span class='ocr_line' id='line_1_23' title="bbox 307 1458 1624 1514; baseline 0.001 -15"><span class='ocrx_word' id='word_1_166' title='bbox 307 1474 408 1500; x_wconf 88' lang='lat' dir='ltr'><strong>num</strong></span> <span class='ocrx_word' id='word_1_167' title='bbox 431 1460 526 1511; x_wconf 81' lang='lat' dir='ltr'><strong>fert‚</strong></span> <span class='ocrx_word' id='word_1_168' title='bbox 550 1458 810 1514; x_wconf 84' lang='lat' dir='ltr'><strong>pugnabatur</strong></span> <span class='ocrx_word' id='word_1_169' title='bbox 829 1473 838 1499; x_wconf 75' lang='lat' dir='ltr'><strong><em>z</em></strong></span> <span class='ocrx_word' id='word_1_170' title='bbox 870 1472 1004 1511; x_wconf 88' lang='lat' dir='ltr'><strong>neque</strong></span> <span class='ocrx_word' id='word_1_171' title='bbox 1026 1468 1109 1498; x_wconf 85' lang='lat' dir='ltr'><strong>tam</strong></span> <span class='ocrx_word' id='word_1_172' title='bbox 1132 1458 1277 1499; x_wconf 85' lang='lat' dir='ltr'><strong>armati</strong></span> <span class='ocrx_word' id='word_1_173' title='bbox 1301 1458 1624 1513; x_wconf 83' lang='lat' dir='ltr'><strong>irrumpentibus</strong></span> 
     </span>
     <span class='ocr_line' id='line_1_24' title="bbox 311 1515 1624 1572; baseline 0.001 -14"><span class='ocrx_word' id='word_1_174' title='bbox 311 1518 515 1560; x_wconf 86' lang='lat' dir='ltr'><strong>Romanis</strong></span> <span class='ocrx_word' id='word_1_175' title='bbox 568 1516 820 1567; x_wconf 79' lang='lat' dir='ltr'><strong>refistebant‚</strong></span> <span class='ocrx_word' id='word_1_176' title='bbox 872 1515 997 1572; x_wconf 66' lang='lat' dir='ltr'><strong>quam</strong></span> <span class='ocrx_word' id='word_1_177' title='bbox 1033 1520 1096 1571; x_wconf 80' lang='lat'><strong>(2)</strong></span> <span class='ocrx_word' id='word_1_178' title='bbox 1138 1518 1251 1571; x_wconf 77' lang='lat' dir='ltr'><strong>quod</strong></span> <span class='ocrx_word' id='word_1_179' title='bbox 1293 1527 1424 1571; x_wconf 85' lang='lat' dir='ltr'><strong>porta,</strong></span> <span class='ocrx_word' id='word_1_180' title='bbox 1472 1516 1624 1559; x_wconf 88' lang='lat' dir='ltr'><strong>balistis</strong></span> 
     </span>
     <span class='ocr_line' id='line_1_25' title="bbox 310 1575 1625 1633; baseline 0 -16"><span class='ocrx_word' id='word_1_181' title='bbox 310 1576 670 1633; x_wconf 83' lang='lat' dir='ltr'><strong>scorpionibusque</strong></span> <span class='ocrx_word' id='word_1_182' title='bbox 705 1575 926 1626; x_wconf 56' lang='lat' dir='ltr'><strong>instruerat,</strong></span> <span class='ocrx_word' id='word_1_183' title='bbox 956 1575 1165 1616; x_wconf 77' lang='lat' dir='ltr'><strong>missilibus</strong></span> <span class='ocrx_word' id='word_1_184' title='bbox 1189 1577 1332 1630; x_wconf 90' lang='lat' dir='ltr'><strong>procul</strong></span> <span class='ocrx_word' id='word_1_185' title='bbox 1356 1575 1490 1615; x_wconf 84' lang='lat' dir='ltr'><strong>hostes</strong></span> <span class='ocrx_word' id='word_1_186' title='bbox 1513 1590 1625 1617; x_wconf 83' lang='lat' dir='ltr'><strong>arce-</strong></span> 
     </span>
     <span class='ocr_line' id='line_1_26' title="bbox 308 1634 1626 1690; baseline 0 -15"><span class='ocrx_word' id='word_1_187' title='bbox 308 1635 390 1676; x_wconf 87' lang='lat' dir='ltr'><strong>bat.</strong></span> <span class='ocrx_word' id='word_1_188' title='bbox 417 1640 457 1678; x_wconf 80' lang='lat'>&amp;</span> <span class='ocrx_word' id='word_1_189' title='bbox 490 1635 699 1690; x_wconf 78' lang='lat' dir='ltr'><strong>suppressit</strong></span> <span class='ocrx_word' id='word_1_190' title='bbox 721 1635 922 1689; x_wconf 85' lang='lat' dir='ltr'><strong>impetum</strong></span> <span class='ocrx_word' id='word_1_191' title='bbox 951 1635 1237 1675; x_wconf 84' lang='lat' dir='ltr'><strong>Romanorum</strong></span> <span class='ocrx_word' id='word_1_192' title='bbox 1269 1635 1417 1674; x_wconf 86' lang='lat' dir='ltr'><strong>vulnus</strong></span> <span class='ocrx_word' id='word_1_193' title='bbox 1450 1634 1626 1689; x_wconf 84' lang='lat' dir='ltr'><strong>impera-</strong></span> 
     </span>
     <span class='ocr_line' id='line_1_27' title="bbox 309 1691 1626 1750; baseline 0 -16"><span class='ocrx_word' id='word_1_194' title='bbox 309 1696 407 1736; x_wconf 86' lang='lat' dir='ltr'><strong>toris</strong></span> <span class='ocrx_word' id='word_1_195' title='bbox 431 1697 511 1750; x_wconf 82' lang='lat' dir='ltr'><strong>Ap.</strong></span> <span class='ocrx_word' id='word_1_196' title='bbox 530 1694 719 1735; x_wconf 84' lang='lat' dir='ltr'><strong>Claudii:</strong></span> <span class='ocrx_word' id='word_1_197' title='bbox 751 1694 834 1745; x_wconf 90' lang='lat' dir='ltr'><strong>cui,</strong></span> <span class='ocrx_word' id='word_1_198' title='bbox 856 1693 948 1733; x_wconf 90' lang='lat' dir='ltr'><strong>suos</strong></span> <span class='ocrx_word' id='word_1_199' title='bbox 976 1704 1069 1734; x_wconf 82' lang='lat' dir='ltr'><strong>ante</strong></span> <span class='ocrx_word' id='word_1_200' title='bbox 1092 1693 1221 1748; x_wconf 86' lang='lat' dir='ltr'><strong>prima</strong></span> <span class='ocrx_word' id='word_1_201' title='bbox 1245 1693 1352 1748; x_wconf 76' lang='lat' dir='ltr'><strong>signa</strong></span> <span class='ocrx_word' id='word_1_202' title='bbox 1374 1691 1626 1746; x_wconf 85' lang='lat' dir='ltr'><strong>adhortanti,</strong></span> 
     </span>
     <span class='ocr_line' id='line_1_28' title="bbox 308 1751 1616 1807; baseline -0.001 -14"><span class='ocrx_word' id='word_1_203' title='bbox 308 1753 380 1794; x_wconf 86' lang='lat' dir='ltr'><strong>sub</strong></span> <span class='ocrx_word' id='word_1_204' title='bbox 422 1755 524 1795; x_wconf 81' lang='lat' dir='ltr'><strong>laevo</strong></span> <span class='ocrx_word' id='word_1_205' title='bbox 552 1753 727 1793; x_wconf 87' lang='lat' dir='ltr'><strong>humero</strong></span> <span class='ocrx_word' id='word_1_206' title='bbox 761 1751 968 1792; x_wconf 88' lang='lat' dir='ltr'><strong>summum</strong></span> <span class='ocrx_word' id='word_1_207' title='bbox 1004 1751 1151 1806; x_wconf 57' lang='lat' dir='ltr'><strong>peetus</strong></span> <span class='ocrx_word' id='word_1_208' title='bbox 1186 1756 1209 1804; x_wconf 76' lang='lat' dir='ltr'>ss</span> <span class='ocrx_word' id='word_1_209' title='bbox 1239 1751 1345 1807; x_wconf 83' lang='lat' dir='ltr'><strong>gaeso</strong></span> <span class='ocrx_word' id='word_1_210' title='bbox 1380 1751 1512 1792; x_wconf 62' lang='lat' dir='ltr'><strong>ustum</strong></span> <span class='ocrx_word' id='word_1_211' title='bbox 1546 1753 1616 1794; x_wconf 80' lang='lat' dir='ltr'><strong>est.</strong></span> 
     </span>
     <span class='ocr_line' id='line_1_29' title="bbox 306 1810 1619 1868; baseline -0.002 -15"><span class='ocrx_word' id='word_1_212' title='bbox 306 1813 463 1868; x_wconf 83' lang='lat' dir='ltr'><strong>Magna</strong></span> <span class='ocrx_word' id='word_1_213' title='bbox 484 1822 620 1853; x_wconf 87' lang='lat' dir='ltr'><strong>tamen</strong></span> <span class='ocrx_word' id='word_1_214' title='bbox 643 1811 703 1851; x_wconf 85' lang='lat' dir='ltr'><strong>vis</strong></span> <span class='ocrx_word' id='word_1_215' title='bbox 731 1810 911 1851; x_wconf 85' lang='lat' dir='ltr'><strong>hostium</strong></span> <span class='ocrx_word' id='word_1_216' title='bbox 934 1820 1027 1850; x_wconf 85' lang='lat' dir='ltr'><strong>ante</strong></span> <span class='ocrx_word' id='word_1_217' title='bbox 1060 1820 1220 1864; x_wconf 86' lang='lat' dir='ltr'><strong>portam</strong></span> <span class='ocrx_word' id='word_1_218' title='bbox 1256 1811 1312 1850; x_wconf 85' lang='lat' dir='ltr'><strong>est</strong></span> <span class='ocrx_word' id='word_1_219' title='bbox 1336 1810 1461 1851; x_wconf 65' lang='lat' dir='ltr'><strong>caesa:</strong></span> <span class='ocrx_word' id='word_1_220' title='bbox 1494 1811 1619 1851; x_wconf 88' lang='lat' dir='ltr'><strong>ceteri</strong></span> 
     </span>
     <span class='ocr_line' id='line_1_30' title="bbox 308 1868 1621 1926; baseline 0 -16"><span class='ocrx_word' id='word_1_221' title='bbox 308 1871 454 1926; x_wconf 86' lang='lat' dir='ltr'><strong>trepidi</strong></span> <span class='ocrx_word' id='word_1_222' title='bbox 475 1873 517 1912; x_wconf 87' lang='lat' dir='ltr'><strong>in</strong></span> <span class='ocrx_word' id='word_1_223' title='bbox 537 1870 677 1911; x_wconf 77' lang='lat' dir='ltr'><strong>urbem</strong></span> <span class='ocrx_word' id='word_1_224' title='bbox 700 1870 910 1923; x_wconf 74' lang='lat' dir='ltr'><strong>compulsi.</strong></span> <span class='ocrx_word' id='word_1_225' title='bbox 983 1869 1034 1909; x_wconf 91' lang='lat' dir='ltr'><strong>F.t</strong></span> <span class='ocrx_word' id='word_1_226' title='bbox 1056 1868 1281 1920; x_wconf 83' lang='lat' dir='ltr'><strong>Hannibal,</strong></span> <span class='ocrx_word' id='word_1_227' title='bbox 1314 1869 1527 1923; x_wconf 87' lang='lat' dir='ltr'><strong>postquam</strong></span> <span class='ocrx_word' id='word_1_228' title='bbox 1551 1884 1621 1910; x_wconf 88' lang='lat' dir='ltr'><strong>co-</strong></span> 
     </span>
     <span class='ocr_line' id='line_1_31' title="bbox 304 1927 1620 1984; baseline -0.002 -13"><span class='ocrx_word' id='word_1_229' title='bbox 304 1929 435 1971; x_wconf 88' lang='lat' dir='ltr'><strong>hortis</strong></span> <span class='ocrx_word' id='word_1_230' title='bbox 470 1930 750 1984; x_wconf 83' lang='lat' dir='ltr'><strong>Hispanorum</strong></span> <span class='ocrx_word' id='word_1_231' title='bbox 789 1930 960 1984; x_wconf 81' lang='lat' dir='ltr'><strong>stragem</strong></span> <span class='ocrx_word' id='word_1_232' title='bbox 992 1927 1110 1979; x_wconf 91' lang='lat' dir='ltr'><strong>vidit,</strong></span> <span class='ocrx_word' id='word_1_233' title='bbox 1144 1928 1383 1982; x_wconf 69' lang='lat' dir='ltr'><strong>summaque</strong></span> <span class='ocrx_word' id='word_1_234' title='bbox 1419 1927 1457 1967; x_wconf 86' lang='lat' dir='ltr'><strong>vi</strong></span> <span class='ocrx_word' id='word_1_235' title='bbox 1492 1928 1620 1969; x_wconf 85' lang='lat' dir='ltr'><strong>castra</strong></span> 
     </span>
     <span class='ocr_line' id='line_1_32' title="bbox 304 1986 1618 2042; baseline -0.001 -13"><span class='ocrx_word' id='word_1_236' title='bbox 304 1988 482 2029; x_wconf 85' lang='lat' dir='ltr'><strong>hostium</strong></span> <span class='ocrx_word' id='word_1_237' title='bbox 505 1987 686 2037; x_wconf 83' lang='lat' dir='ltr'><strong>defendi,</strong></span> <span class='ocrx_word' id='word_1_238' title='bbox 718 1986 856 2027; x_wconf 79' lang='lat' dir='ltr'><strong>omiffa</strong></span> <span class='ocrx_word' id='word_1_239' title='bbox 878 1986 1201 2041; x_wconf 60' lang='lat' dir='ltr'><strong>oppugnatione,</strong></span> <span class='ocrx_word' id='word_1_240' title='bbox 1233 1987 1413 2040; x_wconf 86' lang='lat' dir='ltr'><strong>recipere</strong></span> <span class='ocrx_word' id='word_1_241' title='bbox 1429 1986 1552 2042; x_wconf 86' lang='lat' dir='ltr'><strong>ligna,</strong></span> <span class='ocrx_word' id='word_1_242' title='bbox 1576 1989 1618 2028; x_wconf 62' lang='grc' dir='ltr'><strong>δι’</strong></span> 
     </span>
     <span class='ocr_line' id='line_1_33' title="bbox 303 2044 1618 2102; baseline -0.002 -14"><span class='ocrx_word' id='word_1_243' title='bbox 303 2058 540 2089; x_wconf 86' lang='lat' dir='ltr'><strong>convertere</strong></span> <span class='ocrx_word' id='word_1_244' title='bbox 571 2059 718 2102; x_wconf 86' lang='lat' dir='ltr'><strong>agmen</strong></span> <span class='ocrx_word' id='word_1_245' title='bbox 735 2046 936 2100; x_wconf 87' lang='lat' dir='ltr'><strong>peditum,</strong></span> <span class='ocrx_word' id='word_1_246' title='bbox 967 2044 1134 2100; x_wconf 45' lang='lat' dir='ltr'><strong>&amp;jecto</strong></span> <span class='ocrx_word' id='word_1_247' title='bbox 1157 2061 1178 2085; x_wconf 88' lang='lat' dir='ltr'><strong>a</strong></span> <span class='ocrx_word' id='word_1_248' title='bbox 1201 2055 1316 2099; x_wconf 85' lang='lat' dir='ltr'><strong>tergo</strong></span> <span class='ocrx_word' id='word_1_249' title='bbox 1338 2045 1543 2098; x_wconf 88' lang='lat' dir='ltr'><strong>equitatu,</strong></span> <span class='ocrx_word' id='word_1_250' title='bbox 1566 2060 1618 2086; x_wconf 81' lang='lat' dir='ltr'><strong>ne</strong></span> 
     </span>
     <span class='ocr_line' id='line_1_34' title="bbox 301 2103 1617 2159; baseline -0.003 -12"><span class='ocrx_word' id='word_1_251' title='bbox 301 2107 427 2147; x_wconf 75' lang='lat' dir='ltr'><strong>hostis</strong></span> <span class='ocrx_word' id='word_1_252' title='bbox 449 2107 627 2149; x_wconf 83' lang='lat' dir='ltr'><strong>instaret,</strong></span> <span class='ocrx_word' id='word_1_253' title='bbox 661 2104 800 2159; x_wconf 85' lang='lat' dir='ltr'><strong>coepit.</strong></span> <span class='ocrx_word' id='word_1_254' title='bbox 835 2103 1068 2159; x_wconf 76' lang='lat' dir='ltr'><strong>Legionum</strong></span> <span class='ocrx_word' id='word_1_255' title='bbox 1091 2104 1210 2143; x_wconf 85' lang='lat' dir='ltr'><strong>ardor</strong></span> <span class='ocrx_word' id='word_1_256' title='bbox 1233 2103 1376 2159; x_wconf 81' lang='lat' dir='ltr'><strong>ingens</strong></span> <span class='ocrx_word' id='word_1_257' title='bbox 1394 2105 1443 2144; x_wconf 88' lang='lat' dir='ltr'><strong>ad</strong></span> <span class='ocrx_word' id='word_1_258' title='bbox 1457 2103 1617 2144; x_wconf 87' lang='lat' dir='ltr'><strong>hostem</strong></span> 
     </span>
     <span class='ocr_line' id='line_1_35' title="bbox 301 2162 1617 2219; baseline -0.001 -15"><span class='ocrx_word' id='word_1_259' title='bbox 301 2166 598 2219; x_wconf 79' lang='lat' dir='ltr'><strong>insequendum</strong></span> <span class='ocrx_word' id='word_1_260' title='bbox 621 2163 699 2203; x_wconf 82' lang='lat' dir='ltr'><strong>fuit</strong></span> <span class='ocrx_word' id='word_1_261' title='bbox 719 2179 728 2203; x_wconf 80' lang='lat' dir='ltr'>z</span> <span class='ocrx_word' id='word_1_262' title='bbox 761 2162 827 2203; x_wconf 81' lang='lat' dir='ltr'><strong>secl</strong></span> <span class='ocrx_word' id='word_1_263' title='bbox 844 2164 1014 2203; x_wconf 88' lang='lat' dir='ltr'><strong>Flaccus</strong></span> <span class='ocrx_word' id='word_1_264' title='bbox 1036 2162 1219 2216; x_wconf 87' lang='lat' dir='ltr'><strong>receptui</strong></span> <span class='ocrx_word' id='word_1_265' title='bbox 1236 2162 1328 2202; x_wconf 89' lang='lat' dir='ltr'><strong>cani</strong></span> <span class='ocrx_word' id='word_1_266' title='bbox 1355 2162 1492 2217; x_wconf 75' lang='lat' dir='ltr'><strong>jussit3</strong></span> <span class='ocrx_word' id='word_1_267' title='bbox 1524 2162 1617 2203; x_wconf 80' lang='lat' dir='ltr'><strong>satis</strong></span> 
     </span>
    </p>
   </div>
   <div class='ocr_carea' id='block_1_4' title="bbox 301 2219 1612 2320">
    <p class='ocr_par' dir='ltr' id='par_1_5' title="bbox 301 2219 1612 2320">
     <span class='ocr_line' id='line_1_36' title="bbox 301 2219 1612 2320; baseline -0.003 -56"><span class='ocrx_word' id='word_1_268' title='bbox 301 2226 350 2265; x_wconf 82' lang='lat' dir='ltr'><strong>ad</strong></span> <span class='ocrx_word' id='word_1_269' title='bbox 370 2235 591 2278; x_wconf 84' lang='lat' dir='ltr'><strong>utrumque</strong></span> <span class='ocrx_word' id='word_1_270' title='bbox 615 2221 851 2277; x_wconf 63' lang='lat' dir='ltr'><strong>profee‘mm</strong></span> <span class='ocrx_word' id='word_1_271' title='bbox 874 2231 1002 2270; x_wconf 85' lang='lat' dir='ltr'><strong>ratus,</strong></span> <span class='ocrx_word' id='word_1_272' title='bbox 1035 2231 1080 2261; x_wconf 90' lang='lat' dir='ltr'><strong>ut</strong></span> <span class='ocrx_word' id='word_1_273' title='bbox 1104 2224 1141 2262; x_wconf 68' lang='grc' dir='ltr'><strong>ἃ</strong></span> <span class='ocrx_word' id='word_1_274' title='bbox 1170 2220 1455 2276; x_wconf 84' lang='lat' dir='ltr'><strong>Campani‚(3)</strong></span> <span class='ocrx_word' id='word_1_275' title='bbox 1488 2219 1612 2320; x_wconf 59' lang='lat' dir='ltr'><strong>qhuang</strong></span> 
     </span>
     <span class='ocr_line' id='line_1_37' title="bbox 1534 2294 1583 2320; baseline 0.02 -1"><span class='ocrx_word' id='word_1_276' title='bbox 1534 2294 1583 2320; x_wconf 91' lang='lat' dir='ltr'><strong>au</strong></span> 
     </span>
    </p>
   </div>
   <div class='ocr_carea' id='block_1_5' title="bbox 298 2397 1614 2668">
    <p class='ocr_par' dir='ltr' id='par_1_6' title="bbox 298 2397 1614 2668">
     <span class='ocr_line' id='line_1_38' title="bbox 345 2397 1613 2443; baseline -0.004 -9"><span class='ocrx_word' id='word_1_277' title='bbox 345 2405 384 2434; x_wconf 80' lang='lat' dir='ltr'><strong>C.</strong></span> <span class='ocrx_word' id='word_1_278' title='bbox 403 2401 430 2433; x_wconf 87' lang='lat'><strong>6.</strong></span> <span class='ocrx_word' id='word_1_279' title='bbox 457 2402 511 2443; x_wconf 77' lang='grc' dir='ltr'><strong>(ι)</strong></span> <span class='ocrx_word' id='word_1_280' title='bbox 536 2404 624 2434; x_wconf 86' lang='lat' dir='ltr'><strong>Ante</strong></span> <span class='ocrx_word' id='word_1_281' title='bbox 643 2398 851 2432; x_wconf 70' lang='lat' dir='ltr'><strong>Gronovium</strong></span> <span class='ocrx_word' id='word_1_282' title='bbox 867 2399 1048 2441; x_wconf 82' lang='lat' dir='ltr'><strong>legebatur,</strong></span> <span class='ocrx_word' id='word_1_283' title='bbox 1071 2401 1112 2428; x_wconf 76' lang='lat' dir='ltr'><strong>ad</strong></span> <span class='ocrx_word' id='word_1_284' title='bbox 1124 2400 1307 2435; x_wconf 70' lang='lat' dir='ltr'><strong>Vulturnum,</strong></span> <span class='ocrx_word' id='word_1_285' title='bbox 1330 2397 1362 2428; x_wconf 90' lang='lat' dir='ltr'><strong>h.</strong></span> <span class='ocrx_word' id='word_1_286' title='bbox 1382 2409 1410 2428; x_wconf 70' lang='lat' dir='ltr'><strong>e,</strong></span> <span class='ocrx_word' id='word_1_287' title='bbox 1427 2408 1554 2429; x_wconf 83' lang='lat' dir='ltr'><strong>amnem</strong></span> <span class='ocrx_word' id='word_1_288' title='bbox 1567 2397 1613 2429; x_wconf 81' lang='lat' dir='ltr'><strong>ita</strong></span> 
     </span>
     <span class='ocr_line' id='line_1_39' title="bbox 299 2442 1611 2488; baseline -0.002 -11"><span class='ocrx_word' id='word_1_289' title='bbox 299 2447 438 2479; x_wconf 65' lang='lat' dir='ltr'><strong>diCtum.</strong></span> <span class='ocrx_word' id='word_1_290' title='bbox 489 2448 542 2478; x_wconf 81' lang='lat' dir='ltr'><strong>Ille</strong></span> <span class='ocrx_word' id='word_1_291' title='bbox 561 2449 594 2478; x_wconf 65' lang='grc' dir='ltr'><strong>τό</strong></span> <span class='ocrx_word' id='word_1_292' title='bbox 610 2450 649 2477; x_wconf 78' lang='lat' dir='ltr'><strong>ad</strong></span> <span class='ocrx_word' id='word_1_293' title='bbox 662 2444 832 2488; x_wconf 79' lang='lat' dir='ltr'><strong>expunxit,</strong></span> <span class='ocrx_word' id='word_1_294' title='bbox 854 2445 945 2485; x_wconf 88' lang='lat' dir='ltr'><strong>quod</strong></span> <span class='ocrx_word' id='word_1_295' title='bbox 973 2447 1003 2475; x_wconf 70' lang='grc' dir='ltr'><strong>ὅ(</strong></span> <span class='ocrx_word' id='word_1_296' title='bbox 1021 2444 1148 2476; x_wconf 89' lang='lat' dir='ltr'><strong>codices</strong></span> <span class='ocrx_word' id='word_1_297' title='bbox 1166 2443 1331 2485; x_wconf 83' lang='lat' dir='ltr'><strong>ignorant,</strong></span> <span class='ocrx_word' id='word_1_298' title='bbox 1353 2450 1390 2475; x_wconf 89' lang='lat' dir='ltr'><strong>ut</strong></span> <span class='ocrx_word' id='word_1_299' title='bbox 1407 2442 1611 2485; x_wconf 82' lang='lat' dir='ltr'><strong>intelligatur</strong></span> 
     </span>
     <span class='ocr_line' id='line_1_40' title="bbox 298 2487 1612 2535; baseline -0.003 -11"><span class='ocrx_word' id='word_1_300' title='bbox 298 2493 471 2534; x_wconf 77' lang='lat' dir='ltr'><strong>oppidum.</strong></span> <span class='ocrx_word' id='word_1_301' title='bbox 503 2493 595 2535; x_wconf 82' lang='lat' dir='ltr'><strong>[Non</strong></span> <span class='ocrx_word' id='word_1_302' title='bbox 612 2492 754 2523; x_wconf 84' lang='lat' dir='ltr'><strong>multum</strong></span> <span class='ocrx_word' id='word_1_303' title='bbox 768 2490 902 2531; x_wconf 87' lang='lat' dir='ltr'><strong>quidem</strong></span> <span class='ocrx_word' id='word_1_304' title='bbox 920 2492 1019 2521; x_wconf 85' lang='lat' dir='ltr'><strong>refert</strong></span> <span class='ocrx_word' id='word_1_305' title='bbox 1036 2503 1043 2521; x_wconf 73' lang='grc' dir='ltr'><strong><em>ι</em></strong></span> <span class='ocrx_word' id='word_1_306' title='bbox 1069 2497 1214 2520; x_wconf 81' lang='lat' dir='ltr'><strong>attamen</strong></span> <span class='ocrx_word' id='word_1_307' title='bbox 1230 2488 1253 2520; x_wconf 81' lang='lat' dir='ltr'>fi</span> <span class='ocrx_word' id='word_1_308' title='bbox 1270 2488 1431 2530; x_wconf 82' lang='lat' dir='ltr'><strong>oppidum</strong></span> <span class='ocrx_word' id='word_1_309' title='bbox 1449 2487 1612 2529; x_wconf 79' lang='lat' dir='ltr'><strong>intelliga-</strong></span> 
     </span>
     <span class='ocr_line' id='line_1_41' title="bbox 300 2532 1608 2579; baseline -0.002 -11"><span class='ocrx_word' id='word_1_310' title='bbox 300 2548 366 2573; x_wconf 82' lang='lat' dir='ltr'><strong>tur,</strong></span> <span class='ocrx_word' id='word_1_311' title='bbox 390 2549 447 2579; x_wconf 79' lang='lat' dir='ltr'><strong>per</strong></span> <span class='ocrx_word' id='word_1_312' title='bbox 462 2537 624 2579; x_wconf 76' lang='lat' dir='ltr'><strong>prolepsin</strong></span> <span class='ocrx_word' id='word_1_313' title='bbox 642 2537 871 2578; x_wconf 75' lang='lat' dir='ltr'><strong>accipiendum</strong></span> <span class='ocrx_word' id='word_1_314' title='bbox 885 2537 949 2573; x_wconf 82' lang='lat' dir='ltr'><strong>est3</strong></span> <span class='ocrx_word' id='word_1_315' title='bbox 973 2536 1123 2566; x_wconf 85' lang='lat' dir='ltr'><strong>noudum</strong></span> <span class='ocrx_word' id='word_1_316' title='bbox 1139 2534 1226 2565; x_wconf 86' lang='lat' dir='ltr'><strong>enim</strong></span> <span class='ocrx_word' id='word_1_317' title='bbox 1244 2533 1377 2565; x_wconf 84' lang='lat' dir='ltr'><strong>condita</strong></span> <span class='ocrx_word' id='word_1_318' title='bbox 1392 2532 1453 2564; x_wconf 87' lang='lat' dir='ltr'><strong>fuit</strong></span> <span class='ocrx_word' id='word_1_319' title='bbox 1472 2533 1549 2565; x_wconf 83' lang='lat' dir='ltr'><strong>urbs</strong></span> <span class='ocrx_word' id='word_1_320' title='bbox 1566 2535 1608 2565; x_wconf 84' lang='lat' dir='ltr'><strong>ad</strong></span> 
     </span>
     <span class='ocr_line' id='line_1_42' title="bbox 299 2578 1611 2623; baseline -0.002 -11"><span class='ocrx_word' id='word_1_321' title='bbox 299 2583 456 2614; x_wconf 75' lang='lat' dir='ltr'><strong>Vulturni</strong></span> <span class='ocrx_word' id='word_1_322' title='bbox 476 2584 604 2615; x_wconf 78' lang='lat' dir='ltr'><strong>ostium.</strong></span> <span class='ocrx_word' id='word_1_323' title='bbox 631 2584 697 2613; x_wconf 89' lang='lat' dir='ltr'><strong>Vid</strong></span> <span class='ocrx_word' id='word_1_324' title='bbox 715 2583 824 2623; x_wconf 70' lang='lat' dir='ltr'><strong>supra,</strong></span> <span class='ocrx_word' id='word_1_325' title='bbox 847 2581 865 2612; x_wconf 87' lang='lat' dir='ltr'><strong>l.</strong></span> <span class='ocrx_word' id='word_1_326' title='bbox 885 2590 937 2620; x_wconf 77' lang='lat'><strong>25.</strong></span> <span class='ocrx_word' id='word_1_327' title='bbox 960 2592 984 2611; x_wconf 88' lang='lat' dir='ltr'><strong>c.</strong></span> <span class='ocrx_word' id='word_1_328' title='bbox 1005 2589 1058 2611; x_wconf 86' lang='lat'><strong>20.</strong></span> <span class='ocrx_word' id='word_1_329' title='bbox 1077 2579 1128 2622; x_wconf 69' lang='lat' dir='ltr'><strong>E]</strong></span> <span class='ocrx_word' id='word_1_330' title='bbox 1186 2583 1240 2620; x_wconf 89' lang='lat'><strong>(2)</strong></span> <span class='ocrx_word' id='word_1_331' title='bbox 1267 2581 1300 2610; x_wconf 71' lang='grc' dir='ltr'><strong>τὸ</strong></span> <span class='ocrx_word' id='word_1_332' title='bbox 1323 2581 1395 2621; x_wconf 81' lang='lat' dir='ltr'><strong>quod</strong></span> <span class='ocrx_word' id='word_1_333' title='bbox 1409 2589 1425 2609; x_wconf 80' lang='lat' dir='ltr'><strong>a</strong></span> <span class='ocrx_word' id='word_1_334' title='bbox 1444 2578 1528 2610; x_wconf 64' lang='lat' dir='ltr'><strong>mala</strong></span> <span class='ocrx_word' id='word_1_335' title='bbox 1543 2589 1611 2610; x_wconf 82' lang='lat' dir='ltr'><strong>ma-</strong></span> 
     </span>
     <span class='ocr_line' id='line_1_43' title="bbox 300 2624 1614 2668; baseline -0.003 -10"><span class='ocrx_word' id='word_1_336' title='bbox 300 2639 343 2658; x_wconf 83' lang='lat' dir='ltr'><strong>nu</strong></span> <span class='ocrx_word' id='word_1_337' title='bbox 362 2627 421 2659; x_wconf 81' lang='lat' dir='ltr'><strong>esse</strong></span> <span class='ocrx_word' id='word_1_338' title='bbox 440 2628 580 2659; x_wconf 76' lang='lat' dir='ltr'><strong>videtur.</strong></span> <span class='ocrx_word' id='word_1_339' title='bbox 632 2630 718 2658; x_wconf 64' lang='lat' dir='ltr'><strong>Infra</strong></span> <span class='ocrx_word' id='word_1_340' title='bbox 737 2628 758 2659; x_wconf 85' lang='lat' dir='ltr'><strong>l.</strong></span> <span class='ocrx_word' id='word_1_341' title='bbox 782 2628 833 2658; x_wconf 85' lang='lat'><strong>28.</strong></span> <span class='ocrx_word' id='word_1_342' title='bbox 849 2638 875 2658; x_wconf 90' lang='lat' dir='ltr'><strong>c.</strong></span> <span class='ocrx_word' id='word_1_343' title='bbox 896 2636 951 2666; x_wconf 79' lang='grc'><strong>43.</strong></span> <span class='ocrx_word' id='word_1_344' title='bbox 968 2629 1042 2666; x_wconf 80' lang='lat' dir='ltr'><strong>cujus</strong></span> <span class='ocrx_word' id='word_1_345' title='bbox 1065 2639 1112 2668; x_wconf 79' lang='lat' dir='ltr'><strong>ego</strong></span> <span class='ocrx_word' id='word_1_346' title='bbox 1125 2628 1168 2656; x_wconf 78' lang='lat' dir='ltr'><strong>rei</strong></span> <span class='ocrx_word' id='word_1_347' title='bbox 1183 2639 1233 2656; x_wconf 84' lang='lat' dir='ltr'><strong>non</strong></span> <span class='ocrx_word' id='word_1_348' title='bbox 1250 2632 1309 2656; x_wconf 72' lang='lat' dir='ltr'><strong>tam</strong></span> <span class='ocrx_word' id='word_1_349' title='bbox 1334 2626 1389 2666; x_wconf 77' lang='lat' dir='ltr'><strong>ipfi</strong></span> <span class='ocrx_word' id='word_1_350' title='bbox 1403 2624 1489 2666; x_wconf 75' lang='lat' dir='ltr'><strong>aufim</strong></span> <span class='ocrx_word' id='word_1_351' title='bbox 1505 2632 1614 2655; x_wconf 77' lang='lat' dir='ltr'><strong>tuntum</strong></span> 
     </span>
    </p>
   </div>
   <div class='ocr_carea' id='block_1_6' title="bbox 299 2669 1625 2758">
    <p class='ocr_par' dir='ltr' id='par_1_7' title="bbox 299 2669 1625 2758">
     <span class='ocr_line' id='line_1_44' title="bbox 299 2669 1625 2746; baseline -0.004 -42"><span class='ocrx_word' id='word_1_352' title='bbox 299 2678 396 2709; x_wconf 72' lang='lat' dir='ltr'><strong>virum</strong></span> <span class='ocrx_word' id='word_1_353' title='bbox 413 2674 588 2716; x_wconf 54' lang='lat' dir='ltr'><strong>itfimulaw,</strong></span> <span class='ocrx_word' id='word_1_354' title='bbox 609 2673 691 2715; x_wconf 58' lang='lat' dir='ltr'><strong>quaint</strong></span> <span class='ocrx_word' id='word_1_355' title='bbox 708 2674 987 2714; x_wconf 59' lang='lat' dir='ltr'><strong>casegspicIOnAEaud</strong></span> <span class='ocrx_word' id='word_1_356' title='bbox 998 2671 1076 2714; x_wconf 57' lang='lat' dir='ltr'><strong>sunl·</strong></span> <span class='ocrx_word' id='word_1_357' title='bbox 1091 2677 1220 2716; x_wconf 70' lang='lat' dir='ltr'><strong>purgata</strong></span> <span class='ocrx_word' id='word_1_358' title='bbox 1237 2671 1282 2715; x_wconf 73' lang='lat' dir='ltr'><strong>est.</strong></span> <span class='ocrx_word' id='word_1_359' title='bbox 1308 2670 1363 2711; x_wconf 69' lang='lat'><strong>(3)</strong></span> <span class='ocrx_word' id='word_1_360' title='bbox 1375 2669 1484 2714; x_wconf 60' lang='lat' dir='ltr'><strong>Qam</strong></span> <span class='ocrx_word' id='word_1_361' title='bbox 1505 2680 1625 2746; x_wconf 51' lang='lat' dir='ltr'><strong>pialdum</strong></span> 
     </span>
     <span class='ocr_line' id='line_1_45' title="bbox 1460 2725 1617 2758; baseline 0 -12"><span class='ocrx_word' id='word_1_362' title='bbox 1460 2725 1548 2758; x_wconf 73' lang='lat' dir='ltr'><strong>prael</strong></span> <span class='ocrx_word' id='word_1_363' title='bbox 1578 2726 1617 2746; x_wconf 85' lang='lat'><strong>11.</strong></span> 
     </span>
    </p>
   </div>
  </div>
 </body>
</html>
