1860 3099
416 183 665 228 LIBER
712 182 875 228 XXIII.
923 186 1093 230 CAP.
1124 182 1224 229 XV.

160 313 310 358 altique
342 318 491 346 novam
534 303 752 354 transeant,
797 317 944 358 parum
984 302 1182 344 constare.
1251 303 1314 344 Ita
1354 300 1486 358 'spatio

164 363 327 417 sumpto
365 366 444 418 (9),
487 364 641 419 legatos
682 377 856 417 propere
898 363 950 403 ad
989 371 1207 417 praetorem
1245 364 1486 416 Romanum

162 421 413 463 Marcellum
449 422 688 471 Claudium,
734 422 806 475 qui
841 420 1007 464 Cafilini
1043 436 1140 461 cum
1168 422 1352 462 exercitu
1385 431 1488 471 erat,

163 479 353 532 mittunt,
384 482 630 534 docentque,
664 490 819 533 quanto
842 479 883 520 in
906 480 1138 521 discrimine
1160 479 1205 520 sit
1225 480 1389 520 Nolana
1406 494 1489 532 res,

162 550 308 594 agrum
350 539 596 580 Hannibalis
635 539 710 579 effe
748 542 787 579 ὅτ
825 539 1073 591 Poenorum,
1105 538 1250 579 urbem
1281 541 1490 593 extemplo

163 597 366 649 futuram,
398 599 439 638 ni
457 597 732 638 subveniatur.
753 598 1019 639 concedendo
1041 597 1172 652 plebei
1196 597 1397 646 senatum,
1419 598 1490 638 ubi

163 656 309 707 velint,
342 656 578 697 defeeturos
597 656 650 705 se,
671 670 722 696 ne
739 655 915 697 deficere
936 656 1276 710 praefestinarent,
1301 656 1487 697 effeciffe.

163 715 408 765 Marcellus,
431 715 670 756 collaudatis
683 715 875 766 Nolanis,
895 714 1038 756 eadem
1055 715 1309 756 simulatione
1331 715 1490 755 extrahi

164 787 252 814 rem
275 774 316 813 in
338 773 456 814 suum
479 775 702 814 adventum
725 773 860 830 jusfit:
893 774 1059 815 interim
1081 774 1219 824 celari,
1242 789 1333 828 quae
1352 773 1490 814 secum

165 831 257 873 aesta
291 834 430 883 effent,
475 832 670 887 spemque
702 847 870 873 omnem
903 833 1044 873 auxilii
1082 833 1277 873 Romani.
1341 832 1431 887 Ipse
1468 848 1491 872 a

163 891 341 932 Casilino
365 894 456 946 (10)
477 892 679 932 Calatiam
701 892 831 945 petit:
863 902 986 945 atque
1001 892 1114 941 inde,
1145 892 1357 932 Vulturno
1379 891 1491 931 amni

165 950 356 1006 traject0,
402 964 557 1005 perque
591 965 737 1006 agrum
782 950 1070 992 Saticulanum
1119 950 1490 1006 Trebulanumque

163 1008 284 1064 super
304 1009 532 1050 Suessulam
555 1023 627 1064 per
649 1018 812 1050 montes
833 1009 986 1050 Nolam
1008 1009 1207 1064 pervenit.

222 1068 323 1109 XV.
353 1074 378 1121 †
407 1068 494 1109 Sub
526 1069 749 1109 adventum
781 1068 967 1123 praetoris
1000 1069 1183 1109 Romani
1199 1068 1358 1109 Poenus
1392 1081 1491 1124 agro

163 1126 333 1168 Nolano
355 1127 534 1180 excessit,
557 1129 600 1169 δε
614 1127 665 1167 ad
680 1141 791 1168 mare
813 1127 998 1182 proxime
1020 1127 1243 1181 Neapolim
1265 1128 1490 1175 descendit,

163 1185 340 1241 cupidus
375 1186 572 1226 maritimi
605 1185 747 1240 oppidi
781 1186 987 1240 potiundi,
1020 1200 1103 1240 quo
1141 1186 1282 1227 cursus
1318 1186 1492 1227 navibus

164 1255 279 1285 tutus
306 1258 356 1284 ex
388 1244 535 1286 Africa
556 1245 665 1285 effet.
730 1243 944 1294 Ceterum,
976 1243 1195 1299 postquam
1218 1245 1439 1300 Neapolim
1469 1259 1492 1284 a

164 1302 364 1359 praefecto
403 1303 598 1344 Romano
646 1303 777 1343 teneri
807 1304 980 1358 accepit,
1023 1304 1106 1358 (M.
1139 1304 1291 1357 Junius
1327 1304 1493 1345 Silanus

163 1373 268 1414 erat,
300 1362 349 1403 ab
372 1362 464 1416 ipsis
486 1362 772 1416 Neapolitanis
791 1363 965 1417 accitus)
985 1362 1164 1417 Neapoli
1186 1377 1368 1417 quoque,
1392 1363 1492 1403 ficut

163 1421 289 1470 Nola,
335 1420 493 1471 omiss'a,
538 1421 640 1475 petit
676 1421 917 1462 Nuceriam.
955 1435 1047 1461 eam
1083 1435 1215 1474 quum
1252 1422 1492 1474 aliquandiu

163 1479 497 1530 circumsedisset,
515 1483 577 1534 (1)
597 1479 701 1533 saepe
716 1479 774 1530 vi,
806 1479 908 1533 saepe
930 1479 1193 1520 sollicitandis
1214 1481 1493 1534 nequicquam

165 1552 277 1581 nunc
300 1538 418 1588 plebe
439 1551 550 1578 nunc
573 1537 844 1594 principibus,
866 1537 976 1578 fame
991 1539 1160 1578 demum
1178 1538 1220 1578 in
1238 1539 1494 1580 deditionem

163 1597 337 1652 accepit,
389 1596 536 1651 paftus
573 1599 652 1652 (2),
705 1606 750 1636 ut
785 1597 963 1638 inermes
999 1611 1097 1638 cum
1131 1596 1297 1652 singulis
1335 1597 1494 1638 abirent

160 1656 432 1702 ‚vestimentis
455 1656 634 1705 deinde,
668 1665 714 1695 ut
750 1655 821 1710 qui
853 1671 875 1696 a
906 1655 1110 1710 principio
1147 1657 1259 1697 mitis
1299 1657 1495 1698 omnibus

165 1715 334 1764 Italicis,
366 1724 515 1770 praeter
541 1715 775 1765 Romanos,
818 1715 947 1755 videri
984 1716 1120 1764 vellet,
1163 1715 1333 1770 praemia
1370 1726 1495 1770 atque

166 1774 365 1825 honores,
394 1775 456 1829 (3)
479 1773 550 1827 qui
579 1784 856 1824 remanerent,
889 1789 934 1814 ac
964 1774 1140 1814 militare
1174 1773 1311 1815 secum
1345 1775 1497 1816 voluis-

164 1833 269 1885 sent,
301 1832 525 1887 proposuit.
591 1830 682 1873 Nec
719 1833 766 1872 ea
797 1832 865 1887 spe
899 1847 1151 1887 quemquam
1184 1833 1329 1874 tenuit.
1353 1834 1495 1888 dilapsi

165 1905 327 1942 omnes,
358 1893 424 1946 (4)
449 1905 699 1946 quocunque
717 1890 892 1946 hospitia
928 1902 999 1933 aut
1030 1892 1227 1933 fortuitus
1259 1893 1385 1932 animi
1418 1894 1496 1932 im-

167 1960 287 2006 petus
308 1951 417 2001 tulit,
449 1965 522 2005 per
543 1949 782 2005 Campaniae
818 1951 954 2000 urbes,
987 1950 1165 1991 maxime
1193 1951 1348 1991 Nolam
1384 1952 1497 1991 Nea-

167 2010 391 2064 polimque.
470 2009 617 2068 Qum
654 2009 785 2050 ferme
823 2010 991 2066 triginta
1025 2009 1249 2061 senatores,
1301 2024 1348 2051 ac
1388 2011 1497 2052 forte)

894 2083 916 2112 2
1341 2085 1500 2124 prunus

167 2187 226 2229 (9)
243 2185 293 2218 Sic
315 2185 404 2218 infra
430 2186 453 2218 l.
473 2196 527 2224 24.
551 2197 578 2219 c.
608 2197 664 2220 22.
705 2189 838 2230 paullum
858 2187 985 2230 fitmeret
1019 2190 1116 2231 spatii
1141 2190 1183 2219 ad
1208 2189 1427 2229 consultandum.
1454 2189 1499 2220 E.

169 2234 250 2274 (ιο)
265 2233 367 2275 Qod
385 2233 568 2264 Marcellus
585 2244 652 2264 non
676 2235 718 2265 ad
744 2233 924 2265 Casilinum
937 2234 1145 2265 Vulturnum
1162 2233 1340 2275 trajecerit,
1363 2234 1417 2266 sed
1434 2245 1496 2276 po-

171 2278 235 2309 tius
253 2280 388 2320 ambage
405 2278 548 2318 quadam
560 2279 723 2310 Calatiam
737 2279 873 2321 petiisse,
901 2279 1014 2320 ibique
1030 2290 1161 2311 amnem
1179 2278 1335 2310 transiisse
1352 2280 1494 2316 dicatur.

171 2323 268 2356 causa
291 2323 352 2355 effe
376 2323 492 2365 potest,
515 2332 551 2355 ut
569 2325 690 2356 Nolam
714 2333 828 2366 petens
845 2325 1079 2362 Hannibalem,
1103 2325 1159 2366 qui
1180 2324 1296 2366 &ipse
1314 2326 1494 2357 exercitum

170 2369 207 2401 in
233 2380 350 2411 agrum
375 2369 545 2400 Nolanum
580 2371 786 2408 traduxerat,
817 2370 970 2402 evitaret.
1019 2371 1116 2409 Mox,
1146 2381 1210 2412 pro
1240 2371 1496 2413 Trebulanumque,

174 2415 364 2448 Crevierius
381 2414 503 2456 aliique
520 2415 632 2457 legunt
653 2416 886 2458 Trebianumque.

221 2462 262 2492 C.
284 2471 335 2500 15.
384 2461 439 2503 (1)
467 2462 512 2492 H.
528 2472 557 2493 e.
576 2472 680 2501 quum
696 2462 776 2503 saepe
790 2461 822 2492 vi
840 2461 1039 2499 adhibenda,
1055 2462 1140 2503 saepe
1159 2462 1219 2493 &c.
1234 2463 1276 2493 ad
1293 2461 1500 2494 deditionem

175 2506 345 2549 impellere
363 2515 502 2538 conatus
518 2506 638 2539 fuiffet.
687 2508 744 2548 (2)
769 2505 836 2538 Hic
848 2510 955 2550 pacisci
971 2507 1106 2544 dicitur,
1118 2508 1174 2548 qui
1193 2507 1419 2539 conditionem
1437 2510 1501 2540 fert

174 2552 366 2594 accipienti.
414 2552 506 2583 Alibi
521 2560 630 2584 tamen
645 2552 762 2584 Livius
777 2554 809 2584 in
829 2554 891 2584 hac
916 2564 951 2584 re
974 2555 1042 2584 sere
1055 2555 1163 2595 pacfii
1179 2554 1211 2584 δε
1223 2559 1323 2597 pac7m
1340 2554 1420 2585 dicit
1438 2564 1504 2591 eos,

175 2598 283 2639 quise
300 2598 360 2629 sub
377 2599 468 2630 certa
484 2598 676 2631 conditione
701 2598 838 2631 dedunt.
865 2607 902 2630 ut
931 2599 1070 2642 supra-l.
1089 2608 1142 2631 22.
1164 2611 1195 2631 c.
1214 2609 1273 2639 52.
1288 2599 1377 2630 infra
1404 2599 1426 2631 l.
1448 2609 1502 2639 31.

175 2655 204 2674 c.
225 2653 277 2683 17.
298 2645 329 2674 δε
347 2654 400 2683 45.
445 2644 504 2685 (3)
530 2645 559 2675 h.
575 2655 603 2676 e.
626 2647 677 2682 iis,
698 2648 759 2687 qni.
809 2645 885 2676 Vid.
900 2647 919 2686 †
938 2645 1056 2687 Ellijjfis
1076 2648 1254 2687 pronominis
1278 2648 1370 2676 demon
1395 2648 1507 2676 rativi.

178 2691 234 2731 (4)
261 2689 456 2722 Gronovius
487 2692 540 2732 quox
566 2703 719 2734 quemqut;
746 2697 784 2723 ut
802 2690 889 2723 infra
918 2702 947 2723 C.
970 2701 1022 2730 15,
1051 2690 1108 2733 quiz*
1123 2705 1255 2735 quemque
1281 2698 1333 2722 aut
1358 2692 1509 2735 asymam,

1459 2742 1510 2767 aut

1633 185 1714 232 179

1506 299 1623 331 Senatus
1650 296 1716 326 N'o·

1506 349 1587 376 lanus
1598 349 1682 374 vacat

1508 391 1702 423 Marcellam.

1513 1364 1669 1397 Hannibal

1513 1414 1673 1444 Nuceriam

1511 1461 1586 1502 capit
1591 1480 1600 1488 .
