1834 3099
296 148 547 194 LIBER
609 149 772 191 XXVI.
835 149 1002 192 CAP.
1066 152 1224 195 XLVI.

91 275 195 318 erat,
225 281 355 322 quum
377 266 516 322 Scipio
537 265 587 307 ab
609 266 766 308 defessis
793 268 879 323 jam
901 268 1203 324 vulneratisque
1232 278 1417 312 recentes

92 325 354 382 integrosque
386 327 487 368 alios
509 326 694 381 accipere
721 326 844 367 scalas
877 326 1012 382 jubet,
1047 333 1087 371 &c
1111 331 1149 369 vi
1172 331 1326 386 majore
1349 344 1420 385 ag-

93 385 209 440 gredi
231 384 388 428 urbem.
452 384 559 440 Ipse,
593 394 638 426 ut
667 385 705 424 ei
734 385 976 425 nunciatum
1013 397 1088 438 est,
1121 388 1264 428 aestum
1301 389 1421 429 dece-

93 444 205 494 dere,
244 443 359 499 quod
392 458 465 500 per
495 443 713 499 piscatores
742 444 1084 489 Tarraconenses
1118 462 1228 488 nunc
1262 447 1420 488 levibus

94 502 268 558 cymbis,
311 517 439 552 nunc,
491 505 552 558 (5)
588 502 658 544 ubi
692 517 750 543 eae
789 503 979 554 fiderent,
1031 505 1143 547 vadis
1179 517 1420 561 pervagatos

96 560 301 617 stagnum,
334 572 594 617 compertum
630 561 820 611 habebat,
852 562 1016 603 facilem
1049 564 1221 618 pedibus
1243 565 1294 605 ad
1330 579 1422 604 mu-

96 635 190 660 rum
227 622 440 662 transitum
461 620 560 665 dari,
590 635 641 660 eo
671 620 809 661 secum
840 623 902 675 (6)
933 633 1111 663 armatos
1134 623 1265 664 duxit.
1328 623 1424 663 Me-

96 679 214 719 dium
250 680 380 721 ferme
409 680 490 721 diei
512 689 621 720 erat:
655 682 696 720 &
719 681 782 735 (7)
804 681 855 720 ad
878 680 935 730 id,
967 680 1079 735 quod
1104 682 1172 722 sua
1194 682 1334 736 sponte
1357 696 1425 722 ce-

97 739 251 779 dente
241 754 283 779 m
301 753 413 779 mare
435 738 533 780 aestu
555 737 792 779 trahebatur
821 754 944 793 aqua,
976 754 1069 781 acer
1089 740 1214 780 etiam
1249 741 1425 795 Septen-

98 797 178 838 trio
199 808 315 838 ortus
349 798 593 839 inclinatum
627 796 817 854 stagnum
846 795 1011 849 eodem,
1041 798 1125 853 quo
1148 799 1284 849 cestus,
1318 799 1424 839 fere-

97 855 182 906 bat,
218 859 256 897 &
273 853 376 897 adeo
394 857 618 896 nudaverat
637 857 754 906 vada,
788 866 832 896 ut
854 857 948 897 alibi
972 854 1168 898 umbilico
1182 869 1302 899 tenus
1320 873 1426 924 aqua

99 915 209 965 effet,
241 915 337 956 alibi
369 929 505 970 genua
539 914 606 955 vix
641 914 858 970 superaret.
925 916 1036 967 Hoc,
1068 932 1166 957 cura
1199 932 1245 958 ac
1267 918 1426 959 ratione

100 984 376 1028 compertum,
418 974 461 1014 in
496 974 733 1030 prodigium
767 989 813 1016 ac
835 975 950 1016 Deos
983 987 1146 1016 vertens
1166 977 1322 1031 Scipio,
1355 975 1428 1031 qui

101 1033 152 1073 ad
182 1033 393 1073 transitum
418 1033 620 1074 Romanis
642 1047 753 1074 mare
776 1043 996 1084 verterent,
1032 1038 1071 1076 &
1098 1034 1239 1091 stagno
1263 1039 1323 1090 (8)
1357 1050 1430 1075 au-

101 1091 272 1141 ferrent,
304 1091 466 1145 viasque
499 1091 593 1132 ante
627 1106 842 1146 nunquam
879 1093 1000 1133 initas
1041 1094 1227 1134 humano
1260 1094 1430 1149 vestigio

102 1151 322 1206 aperirent,
354 1151 601 1205 Neptunum
637 1151 808 1207 jubebat
850 1152 1000 1193 ducem
1034 1153 1190 1194 itineris
1225 1153 1352 1208 sequi,
1385 1167 1430 1194 ae

103 1209 241 1251 medio
257 1209 398 1266 stagno
411 1211 583 1250 evadere
604 1211 655 1250 ad
678 1211 848 1252 moenia.

162 1268 321 1310 XLVI.
355 1267 423 1309 Ab
445 1270 551 1309 terra
573 1269 718 1324 ingens
740 1270 853 1310 labor
880 1269 1192 1311 succedentibus
1215 1280 1325 1311 erat:
1357 1283 1433 1311 nec

103 1327 320 1368 altitudine
354 1325 517 1368 tantum
562 1328 766 1368 moenium
810 1319 1154 1383 impedieba1·‚1tur
1210 1329 1277 1369 sed
1319 1331 1433 1383 quod

104 1396 250 1428 euntes
271 1388 331 1441 (1)
354 1387 403 1427 ad
427 1387 624 1441 ancipites
646 1387 838 1441 utrinque
861 1388 970 1429 ictus
992 1387 1197 1444 subjectos
1230 1387 1436 1429 habebant

107 1448 172 1501 (2)
205 1445 449 1495 Romanos;
503 1456 548 1485 ut
584 1446 710 1486 latera
747 1446 956 1487 infestiora
993 1446 1277 1496 subeuntibus,
1311 1446 1436 1501 quam

107 1503 271 1545 adversa
285 1518 471 1558 corpora,
504 1505 642 1545 effent.
709 1505 768 1545 At
790 1515 903 1559 parte
933 1506 974 1545 in
1015 1506 1091 1545 alia
1134 1506 1370 1560 quingentis
1397 1509 1437 1548 Sc

107 1577 179 1619 per
201 1563 388 1619 stagnum
407 1563 538 1604 facilis
571 1564 775 1612 transitus,
809 1567 845 1604 ἃ
874 1564 914 1603 in
937 1578 1103 1604 murum
1135 1564 1320 1604 ascensus
1344 1566 1439 1605 inde

107 1622 313 1663 suit.nam
332 1637 465 1677 neque
479 1637 601 1678 opere
626 1628 640 1674 ΙΙ
668 1623 878 1664 emunitus
902 1637 1002 1672 erat,
1037 1634 1081 1663 ut
1104 1623 1174 1663 ubi
1205 1623 1327 1677 ipsius
1359 1624 1440 1664 loci

107 1696 154 1722 ac
177 1681 306 1737 stagni
327 1681 511 1737 praefidio
527 1682 619 1723 satis
641 1682 845 1723 creditum
881 1682 1014 1732 foret;
1048 1697 1122 1722 nec
1147 1683 1227 1722 ulla
1264 1695 1442 1726 armato-

108 1755 202 1781 rum
238 1740 356 1782 statio
391 1751 462 1781 aut
498 1740 682 1782 custodia
716 1741 915 1796 opposita,
960 1742 1128 1782 intentis
1163 1742 1355 1783 omnibus
1390 1744 1442 1783 ad

107 1813 231 1854 opem
253 1801 305 1840 eo
327 1798 560 1850 ferendam,
591 1800 699 1840 unde
732 1801 961 1855 periculum
985 1800 1288 1841 ostendebatur.
1351 1802 1443 1842 Ubi

111 1858 256 1900 urbem
292 1859 374 1900 fine
404 1859 627 1900 certamine
661 1859 882 1910 intravere,
926 1871 1105 1915 pergunt
1140 1860 1252 1910 inde,
1287 1871 1443 1914 quanto

111 1917 293 1959 maximo
330 1917 451 1959 cursu
488 1928 696 1973 poterant,
749 1920 799 1958 ad
828 1933 919 1958 eam
954 1929 1128 1972 portam,
1176 1919 1282 1958 circa
1318 1934 1443 1972 quam

111 1990 234 2016 omne
276 1976 539 2018 contractum
561 1987 769 2018 certamen
793 1988 892 2017 erat.
932 1978 973 2017 in
1011 1978 1122 2032 quod
1158 1974 1262 2017 adeo
1297 1977 1445 2018 intenti

169 2035 276 2076 ToM
312 2035 388 2076 IV.
758 2036 831 2077 F2
1256 2037 1446 2077 omnium

117 2172 211 2206 28.e.
229 2182 287 2215 29.
313 2180 410 2205 terror
422 2175 506 2204 oculis
524 2174 690 2215 auribusque
705 2172 744 2213 est
757 2175 869 2216 qff1sus.
881 2173 913 2204 δε
937 2173 1028 2205 alibi.
1076 2174 1132 2216 (5)
1149 2174 1216 2206 Ubi
1232 2174 1354 2217 cymb·⁷e
1373 2176 1447 2206 fun-

114 2220 196 2251 dum
219 2218 317 2251 maris
330 2220 437 2251 nactae
453 2218 565 2251 effent.
613 2220 694 2251 Tac.
721 2218 744 2250 l.
777 2230 804 2251 1.
825 2222 917 2251 Arm.
937 2232 964 2251 c.
987 2230 1038 2259 70.
1066 2234 1093 2262 qt
1093 2235 1117 2251 m
1140 2222 1234 2252 levior
1249 2222 1447 2264 clffisvalfi

116 2269 191 2296 mari
217 2268 375 2303 innatae-et,
397 2267 448 2296 vel
462 2265 721 2308 reciprocoscletmet
768 2265 824 2306 (6)
849 2265 939 2297 Infra
967 2277 1039 2308 cap.
1059 2266 1125 2307 seq
1149 2267 1180 2296 8<
1205 2268 1294 2308 apud
1325 2266 1446 2310 Polyb

116 2311 137 2342 l.
158 2321 207 2342 10.
223 2322 251 2343 c.
271 2321 325 2348 14.
344 2319 549 2343 armatorum
567 2321 723 2343 numerus
741 2311 952 2353 exprimitur,
966 2313 998 2342 de
1015 2311 1186 2354 quingenti
1205 2321 1446 2345 memorantur.

118 2358 218 2389 Unde
241 2357 415 2399 plusquam
441 2356 615 2388 verisimile
640 2356 696 2394 est,
717 2357 846 2388 numeri
865 2358 962 2398 hujus
985 2367 1098 2389 notam
1116 2358 1179 2389 hoc
1197 2358 1270 2389 loco
1286 2357 1450 2394 excidisse,

118 2414 218 2444 quam
243 2402 356 2446 saepius
378 2414 397 2434 a
413 2402 555 2434 librariis
571 2401 719 2434 omissam
735 2402 798 2435 esse
815 2403 948 2434 constat.
997 2407 1049 2443 (7)
1076 2406 1128 2434 Ad
1139 2407 1170 2434 id
1182 2406 1263 2445 quod,
1286 2414 1348 2446 pro
1363 2415 1448 2446 pia:-

118 2457 271 2490 terquam
289 2449 390 2490 quod,
412 2448 510 2490 supra
538 2448 564 2479 l:
589 2458 620 2489 3-
646 2459 671 2480 c.
689 2448 742 2481 62.
765 2448 852 2480 infra
871 2448 896 2480 l.
913 2458 969 2488 32.
984 2459 1012 2480 c.
1031 2459 1084 2489 40.
1111 2450 1143 2480 ἃ
1159 2449 1250 2481 alibi.
1297 2450 1352 2491 (8)
1372 2449 1452 2487 Alii,

112 2496 261 2537 stagnum,
283 2494 335 2525 vel
343 2495 455 2536 stagna.

171 2542 212 2572 C.
226 2540 278 2579 46.
303 2542 357 2580 (1)
372 2541 450 2571 H.e.
474 2539 682 2571 succedentes
695 2540 738 2571 ad
757 2539 886 2572 moenia.
934 2539 1021 2571 Infra
1041 2540 1062 2571 1.
1080 2550 1133 2580 30.
1153 2552 1182 2572 c.
1204 2550 1259 2581 33.
1284 2543 1379 2578 viam,
1396 2539 1453 2583 9115

120 2589 262 2619 irruerent
278 2590 308 2618 in
326 2588 469 2628 ancipitia
486 2588 555 2623 tela,
570 2587 668 2617 belluis
690 2589 803 2617 darent.
829 2587 860 2617 8(
881 2586 998 2618 iterum
1015 2600 1020 2618 :
1040 2589 1068 2616 in
1090 2600 1133 2617 eos
1156 2592 1293 2629 ant-:pnes
1310 2591 1352 2619 ad
1370 2591 1455 2618 islam

121 2635 248 2677 utrinque
267 2633 447 2675 conjiciebant
461 2634 554 2677 ὄψει.
604 2635 660 2674 (3,)
677 2633 829 2664 Habebunt
847 2643 966 2675 nempe
983 2631 1113 2667 muenia.
1142 2631 1228 2665 infra
1246 2634 1256 2664 l
1283 2636 1334 2674 36.
1351 2645 1380 2666 c.
1407 2634 1457 2668 18,-

1412 2684 1456 2710 ita
