1834 3099
443 181 673 229 LIBER
724 181 867 228 XXV„
926 185 1089 230 CAP.
1137 188 1215 230 XI.

178 300 394 353 tumultus,
427 312 517 345 tum
538 303 749 347 Hannibal
769 303 1018 346 Tarentinos
1041 305 1122 346 fine
1143 305 1268 346 armis
1300 318 1502 348 convoca-

177 373 220 401 re
252 364 314 419 (3)
339 361 473 418 jubet.
532 364 773 405 Convenere
793 376 955 416 omnes,
986 373 1262 418 praeterquam
1298 366 1384 420 qui,
1434 380 1501 406 ce-

174 419 318 462 dentes
339 421 382 461 in
404 435 555 472 arcem,
587 423 802 463 Romanos
828 422 879 462 ad
909 435 1077 462 omnem
1113 424 1346 463 adeundam
1380 423 1502 465 fimul

174 477 385 520 fortunam
426 481 630 535 prosecuti
688 479 863 521 fuerant.
929 479 992 522 Ibi
1038 480 1264 531 Hannibal,
1320 480 1497 537 benigne

171 536 375 580 allocutus
410 539 676 590 Tarentinos,
707 537 972 593 testatusque,
1004 553 1097 593 quae
1118 539 1358 594 praestitisset
1393 540 1498 580 civi-

174 593 250 636 bus
267 610 428 647 eorum,
460 609 564 652 quos
587 599 637 638 ad
657 596 944 639 Trafimenum
966 608 1037 638 aut
1059 599 1110 639 ad
1129 598 1296 640 Cannas
1317 599 1495 652 cepisset,

172 652 290 695 fimul
319 656 361 696 in
390 656 714 698 dominationem
734 655 950 711 superbam
977 656 1267 697 Romanorum
1289 657 1497 708 invectus,

172 713 354 768 ‘recipere
377 715 416 756 se
439 715 479 755 in
502 716 648 756 domos
683 715 774 756 suas
795 729 1003 769 quemque
1019 715 1146 771 juflit,
1178 715 1219 757 δι’
1242 715 1399 757 foribus
1420 730 1496 756 no-

169 782 267 811 men
300 771 419 813 suum
440 773 659 814 inscribere
680 789 690 815 z
722 773 760 814 se
789 775 934 815 domos
955 788 1038 824 eas,
1070 788 1163 829 quae
1185 774 1388 829 inscriptae
1408 789 1494 816 non

168 830 310 880 essent,
343 832 453 887 figno
475 833 683 887 extemplo
713 833 827 885 dato,
858 832 1208 888 diripijuffurum.
1269 833 1315 874 Si
1337 833 1428 888 quis
1450 834 1495 874 in

168 887 345 943 hospitio
377 888 477 932 civis
513 891 696 932 Romani
729 893 894 946 (vacuas
935 895 1000 946 (4)
1030 901 1167 932 autem
1190 891 1384 933 tenebant
1419 892 1494 933 do·

168 952 278 1004 mos)
305 962 459 990 nomen
493 946 759 1006 inscripsisset,
791 962 888 991 eum
911 949 948 991 se
989 965 1062 1005 pro
1093 950 1209 991 hoste
1236 951 1492 992 habiturum.

167 1006 380 1048 Concione
402 1007 575 1058 dimissa,
606 1021 737 1063 quum
779 1009 908 1050 titulis
948 1019 1100 1050 notatae
1122 1009 1233 1051 fores
1273 1009 1494 1051 discrimen

166 1075 323 1119 pacatae
343 1066 392 1107 ab
413 1066 550 1108 hostili
567 1069 690 1108 domo
708 1067 906 1120 fecissent,
924 1066 1036 1125 signo
1058 1069 1169 1118 dato,
1191 1069 1241 1109 ad
1263 1064 1493 1123 diripienda

158 1122 341 1178 hospitia
359 1125 551 1167 Romana
566 1126 705 1182 passim
726 1126 952 1169 discursum
973 1126 1043 1167 est.
1082 1129 1124 1177 δι·
1141 1125 1225 1168 fuit
1246 1129 1396 1183 praedae
1418 1127 1490 1168 ali·

168 1193 387 1237 quantum.

226 1241 303 1284 XI.
335 1243 504 1285 Postero
526 1242 591 1285 die
612 1245 663 1286 ad
684 1244 1005 1301 oppugnandam
1026 1258 1162 1286 arcem
1184 1244 1299 1285 ducit
1317 1260 1326 1285 ;
1363 1256 1491 1299 quam

166 1314 298 1355 quum
319 1304 358 1342 &
381 1305 445 1358 (1)
466 1302 585 1354 mari,
617 1318 699 1358 quo
728 1304 770 1343 in
792 1303 1017 1358 peninsulae
1043 1304 1214 1344 modum
1243 1317 1336 1358 pars
1358 1301 1499 1360 major*

164 1359 467 1412 circumluitur,
499 1363 676 1416 praealtis
696 1362 883 1417 rupibus,
918 1364 957 1402 8<
977 1361 1025 1403 ab
1047 1361 1132 1417 ipsa
1166 1361 1266 1403 urbe
1295 1376 1415 1403 muro
1446 1365 1487 1405 δι

161 1417 263 1459 fossa
283 1418 439 1474 ingenti
471 1419 625 1475 septam
646 1420 820 1472 videret,
850 1434 982 1475 eoque
1000 1434 1080 1465 ,nee
1109 1419 1163 1470 vi,
1196 1434 1272 1462 nec
1293 1420 1490 1475 operibus

161 1477 480 1534 expugnabilem
498 1479 574 1520 esse
593 1496 606 1529 ς
638 1493 690 1520 ne
711 1490 781 1520 aut
803 1479 842 1520 se
865 1479 999 1534 ipsum
1021 1491 1119 1520 cura
1139 1481 1204 1535 (2)
1240 1480 1384 1520 tuendi
1403 1479 1442 1520 T
1445 1495 1489 1520 a-

160 1537 346 1579 rentinos
359 1552 382 1578 a
401 1537 626 1593 majoribus
650 1537 770 1580 rebus
782 1548 1039 1587 moraretur;
1072 1547 1142 1579 aut
1160 1538 1204 1578 in
1224 1538 1391 1580 relictos
1406 1538 1489 1579 fine

159 1596 296 1637 valido
317 1596 502 1651 praefidio
531 1596 780 1639 Tarentinos
813 1595 1016 1652 impetum
1039 1611 1088 1638 ex
1110 1611 1218 1647 arce,
1251 1609 1381 1654 quum
1403 1598 1488 1638 vel-

158 1653 261 1705 lent,
293 1654 696 1706 Romanifacerent,
727 1658 840 1698 vallo
866 1657 1010 1697 urbem
1039 1655 1089 1697 ab
1124 1670 1216 1697 arce
1247 1655 1488 1711 intersepire·

159 1712 301 1755 statuit
323 1729 332 1755 ε
364 1729 448 1756 non
463 1714 543 1756 line
565 1715 633 1756 illa
649 1716 773 1756 etiam
795 1715 879 1770 spe,
909 1729 1006 1756 cum
1028 1711 1339 1771 prohibentibus
1380 1729 1486 1770 opus

161 1771 364 1814 Romanis
382 1787 552 1815 manum
573 1774 680 1829 posse
703 1773 888 1822 conseri;
923 1777 983 1824 ἃ,
1016 1773 1043 1813 fi
1061 1770 1242 1816 ferocius
1257 1788 1486 1829 procucur-

158 1829 310 1882 rissent,
343 1831 491 1888 magn-21
513 1835 623 1874 caede
639 1833 694 1874 ita
716 1832 918 1874 attenuari
947 1832 1119 1888 praefidii
1142 1832 1264 1884 vires,
1296 1843 1342 1873 ut
1363 1831 1484 1874 facile

159 1903 232 1946 per
245 1890 283 1932 se
303 1891 373 1946 ipfi
387 1892 604 1933 Tarentini
621 1891 764 1933 urbem
782 1892 833 1934 ab
848 1892 896 1933 iis
910 1891 1015 1932 tueri
1033 1890 1200 1946 possent.
1264 1891 1354 1933 Ubi
1369 1906 1486 1946 coep-

159 1959 249 1990 tum
268 1964 373 2004 opus
393 1951 467 2001 est,
498 1951 704 2006 patefacta
732 1950 899 2006 repente
913 1951 1046 2006 porta,
1079 1950 1121 1990 in
1142 1950 1377 1992 munientes
1406 1951 1485 1990 irn-

157 2018 300 2063 petum
318 2007 505 2050 fecerunt
520 2010 702 2051 Romani
725 2026 735 2051 z
766 2011 945 2066 pellique
966 2009 1004 2050 se
1028 2009 1144 2050 statio
1166 2009 1272 2065 paffa
1293 2010 1366 2059 est,
1388 2023 1484 2064 quae

157 2080 233 2122 pro
252 2081 375 2123 opere
392 2078 494 2118 erat,
528 2079 573 2110 ut
594 2069 773 2110 successu
799 2069 997 2111 cresceret
1019 2068 1205 2119 audacia,
1236 2070 1301 2124 (3)
1325 2067 1482 2124 plures]-

1399 2140 1481 2183 que

156 2244 190 2277 in
218 2257 292 2276 eam.
337 2243 495 2278 Ceterum
522 2244 766 2278 distinctionem
782 2238 857 2288 post
877 2256 993 2278 vocem
1017 2247 1126 2289 cognita
1142 2243 1268 2277 sustuli.
1318 2244 1366 2276 Ita
1391 2243 1481 2276 enim

156 2290 286 2332 accipe:
314 2303 400 2323 arma
415 2295 523 2335 cognita
535 2299 698 2323 exemerunt
711 2293 908 2323 dubitationem
925 2294 1072 2323 Romanis.
1118 2290 1168 2333 R]
1213 2291 1269 2332 (3)
1293 2291 1392 2333 Lege,
1404 2301 1482 2322 cum

158 2336 357 2379 quibusdam
383 2336 523 2379 scriptis,
549 2340 712 2368 convocari.
757 2337 815 2379 (4)
837 2336 873 2369 h.
898 2348 928 2370 e.
955 2337 1119 2380 proprias,
1142 2336 1177 2377 in
1202 2335 1324 2376 quibus
1339 2336 1399 2367 soli
1422 2336 1481 2368 ha-

157 2382 315 2419 bitarent,
337 2392 406 2414 non
422 2382 567 2426 permisti
593 2393 670 2414 cum
694 2381 887 2415 Tarentinis
902 2382 1043 2416 civibus.
1072 2381 1142 2415 vid.
1163 2389 1237 2414 not.
1263 2390 1296 2414 2.
1321 2382 1373 2413 ad.
1394 2393 1422 2414 c.
1450 2391 1480 2422 7.

158 2426 181 2459 1.
200 2437 255 2466 24.
280 2428 393 2470 supra.

203 2506 241 2538 C.
267 2514 318 2538 tr.
340 2506 398 2548 (t)
422 2504 570 2538 Omnino
598 2505 671 2548 lege
693 2506 733 2538 εἴ
761 2519 779 2536 a
803 2507 894 2539 mari.
942 2503 1199 2549 Intelligendum
1226 2505 1282 2545 est,
1302 2517 1412 2540 arcem
1437 2507 1480 2539 ab

157 2551 196 2583 est
224 2560 330 2594 parte,
353 2551 419 2594 qua
445 2551 531 2583 mari
554 2551 752 2590 alluebatur,
775 2551 914 2594 rupibus
931 2551 1057 2595 septam
1069 2551 1185 2591 fuiffe3
1207 2552 1250 2584 ab
1265 2553 1359 2592 urbe,
1381 2563 1480 2585 mum

156 2597 190 2628 &
209 2596 299 2630 foffss.
344 2599 403 2640 (2)
426 2600 553 2630 Vocem
568 2610 638 2629 cura
654 2596 782 2639 accipio
795 2597 905 2640 potius
921 2597 955 2628 in
973 2597 1048 2629 casu
1073 2597 1193 2640 primo,
1215 2602 1327 2640 quam,
1350 2606 1386 2631 ut
1401 2600 1481 2630 Cre-

155 2642 280 2676 vierius
291 2642 425 2686 aliique,
445 2642 480 2675 in
492 2643 567 2676 casu
577 2643 677 2675 sexto.
724 2643 757 2675 Si
770 2644 834 2675 hoc
846 2642 998 2676 voluisset
1010 2643 1144 2681 Livius,
1164 2643 1265 2676 c'redo
1279 2644 1482 2687 scripturum

157 2688 250 2721 fuiss‘e
272 2697 325 2723 aut
333 2691 446 2734 seipse.
474 2691 513 2722 E.
559 2690 575 2733 (
581 2689 618 2730 3)
634 2689 815 2732 Majorque
827 2699 985 2722 numerus
1001 2690 1231 2724 Romanorum
1247 2690 1482 2735 persequeren-

743 2737 777 2767 X
805 2743 826 2769 2
1424 2743 1482 2766 tur

1646 198 1728 238 3207
