1834 3099
348 218 590 262 LIBER
643 217 790 262 XXIX
856 217 1014 263 CAP.
1065 218 1161 261 XX.

103 350 172 390 que
191 336 267 376 alia
285 346 410 392 erepta
426 339 549 395 efflent,
582 338 747 395 restitui.-
774 340 987 392 pecuniam,
1018 347 1159 393 quanta
1181 348 1227 378 ex
1250 333 1434 392 thefiuaeris

102 393 335 451 Proserpina·
354 397 513 453 sublata
546 399 639 454 tffit,
685 395 870 453 conquiri,
912 397 1135 452 duplamque
1157 398 1360 453 pecuniam
1391 397 1432 436 in

102 453 289 508 thesauros
319 457 444 509 reponi
458 475 470 496 .·
506 457 723 511 &sacrum
749 456 947 510 piaculare
964 456 1076 511 fieri,
1107 458 1162 496 ita
1184 464 1226 495 ut
1249 455 1362 509 prius
1382 452 1437 495 ad

100 512 290 568 collegium
325 514 544 570 pontificum
584 515 812 572 referretur,
863 512 963 570 quod
986 516 1096 571 stica-i
1131 514 1296 568 thesszuri
1331 515 1436 564 moti,

101 571 234 612 violati
253 574 376 630 effi’nt,
409 591 487 628 quae
510 574 683 629 piacula,
715 575 850 628 quibus
874 574 987 627 Diis,
1019 574 1152 628 quibus
1183 573 1317 629 hostiis,
1335 572 1435 628 fieri

96 629 276 683 placeret.
360 633 531 682 Milites,
578 634 643 688 qui
677 631 816 672 Locris
850 633 971 688 efflent,
1026 647 1147 672 omnes
1183 633 1223 671 in
1266 633 1433 672 Siciliam

100 690 383 745 transportari:
415 701 575 747 quatuor
613 691 773 731 cohortes
798 691 984 747 sociorum
1020 691 1162 731 Latini
1202 691 1360 730 nominis
1393 691 1434 729 in

95 747 307 805 presidium
324 750 464 791 Locros
489 751 636 790 adduci.
701 752 764 805 (5)
790 750 1001 805 i'errogari
1029 763 1078 790 eo
1114 748 1179 789 die
1208 747 1435 799 sententiae,

1575 224 1658 271 245*

103 808 281 849 accensis
304 808 445 850 studiis
468 823 542 864 pro
562 809 757 864 Scipione
780 811 820 851 ἃ
854 808 1044 849 adverssls
1063 807 1317 862 Scipionem,
1349 821 1433 847 non
1455 820 1581 863 Ohjeetus
1602 820 1665 852 Sci-

102 875 288 920 potuere.
351 867 507 909 Praeter
540 867 732 908 Pleminii
769 866 929 908 facinus
962 867 1313 921 Locrensiumque
1354 866 1434 906 cla·
1449 866 1635 921 pioni-cultae

103 925 218 977 dem,
249 925 371 981 ipfius
389 927 512 967 etiam
527 927 784 982 imperatoris
805 933 830 980 †
851 941 934 967 non
956 927 1174 967 Romanus
1197 921 1340 974 modo,
1370 924 1440 965 sed
1454 916 1590 945 ‘'cmm'’

101 997 154 1024 ne
177 984 364 1026 militaris
379 986 547 1040 quidem
570 987 706 1027 cultus
719 985 955 1042 ja&abatur
975 1001 984 1026 :
1019 1001 1103 1026 cum
1130 991 1156 1039 †
1169 985 1442 1039 pallio(6)cre-

98 1041 276 1101 pidisque
296 1045 534 1086 inambulare
555 1047 595 1084 in
613 1044 812 1102 gymnnfio‚
846 1048 907 1100 (7)
930 1045 1059 1085 libellis
1088 1059 1171 1084 eum
1188 1043 1443 1100 palaestraeque

106 1111 254 1155 operam
289 1102 381 1144 dare
398 1122 411 1144 .·
442 1103 542 1159 aeque
565 1105 737 1159 segniter
778 1104 1006 1158 molliterque
1027 1103 1205 1144 cohortem
1228 1105 1293 1157 (8)
1325 1110 1441 1142 totam

107 1159 378 1217 Syracusarum
415 1165 628 1204 amoenitate
633 1165 730 1221 frui
747 1181 759 1202 :
793 1162 1074 1217 Karthaginem
1105 1171 1216 1217 atque
1237 1160 1446 1202 Hanniba-

106 1218 177 1259 lem
198 1221 362 1278 excidiffe
382 1222 425 1261 de
457 1224 634 1263 memoria‘¹
650 1241 662 1262 .·
694 1224 897 1263 exercitum
930 1238 1071 1262 omnem
1102 1221 1257 1261 licentid
1287 1235 1445 1275 corrup-

107 1286 207 1330 tum,
237 1282 362 1335 qualis
384 1281 546 1322 Sucrone
581 1283 620 1320 in
644 1281 989 1338 Hispanidfuerit,
1021 1281 1144 1336 qualis
1166 1293 1265 1320 nunc
1292 1278 1444 1330 Locris,

95 1337 211 1392 sociis
233 1341 372 1394 magis,
403 1340 519 1395 quam
541 1339 643 1396 hosti,
676 1341 923 1382 metuendum.

166 1396 266 1438 XX.
300 1398 407 1440 Haec
429 1414 667 1454 quanquam
700 1399 850 1454 partim
883 1413 994 1450 vera,
1025 1397 1175 1454 partim
1212 1396 1343 1438 mixta
1366 1397 1445 1452 (1),
1465 1410 1589 1443 Metelli

109 1469 242 1510 eoque
279 1456 423 1498 fimilia
463 1458 568 1499 veris
598 1457 880 1514 jaSiabantur,
912 1458 1010 1499 vicit
1032 1469 1170 1498 tamen
1204 1457 1260 1513 Q.
1284 1456 1637 1500 Metellisententiadn

110 1514 337 1557 sententia:
369 1516 456 1571 qui,
487 1518 538 1558 de
561 1518 707 1558 ceteris
731 1518 924 1558 Maximo
946 1517 1138 1569 affensus,
1169 1517 1220 1556 de
1240 1515 1447 1570 Scipionis

116 1579 132 1626 ΙΙ
153 1573 272 1615 caus&
292 1575 484 1617 diffenfit.
548 1575 644 1632 Qui
662 1577 759 1616 enim
792 1577 1003 1628 convenire,
1035 1591 1143 1630 quem
1176 1573 1281 1616 modo
1310 1575 1452 1615 civitas

98 1636 287 1691 juvenem
326 1635 524 1676 admodum
571 1635 828 1690 recuperandae
865 1635 1057 1691 Hispaniae
1095 1633 1270 1689 delegerit
1304 1632 1452 1686 ducem,

113 1709 238 1749 quem,
268 1696 416 1748 recepta‘¹
445 1695 491 1735 ab
521 1694 676 1750 hostibus
703 1694 912 1750 Hispanid,
943 1694 998 1735 ad
1024 1694 1282 1749 imponendum
1304 1691 1453 1733 Punico

114 1754 203 1794 bello
208 1751 334 1808 finem
354 1755 546 1794 creaverit
575 1754 768 1809 consulem,
787 1754 856 1809 spe
875 1757 899 1806 ss
919 1753 1163 1810 dssinaverit
1190 1751 1451 1793 Hannibalem

112 1827 158 1856 ex
200 1812 322 1854 Italia*
360 1812 622 1853 detrafflurum
659 1815 740 1868 (2),
772 1813 955 1870 Africam
978 1813 1246 1867 subaHurum,
1277 1826 1360 1851 eum
1391 1825 1452 1849 re-

110 1871 242 1926 pente,
272 1879 456 1926 tanquam
481 1870 540 1927 Q
564 1872 811 1921 Pleminium,
844 1871 990 1912 indifid
1010 1872 1130 1911 causa'
1147 1868 1265 1925 prop}
1292 1870 1452 1910 danma-

114 1939 212 1979 tum,
243 1946 288 1972 ex
322 1931 527 1984 provincia}
562 1932 770 1971 revocari?
802 1946 918 1985 quum
960 1946 1019 1982 ea,
1050 1946 1129 1984 quae
1163 1931 1202 1969 in
1223 1929 1268 1984 st'
1304 1926 1453 1985 nefiiri}

103 1988 223 2048 fac‘ia
262 1989 470 2047 Locrenses
507 1998 771 2044 quererentur,
804 2004 848 2029 ne
881 1989 1058 2045 praesente
1098 1987 1244 2043 quidem
1289 1987 1453 2042 Scipione

1336 2044 1454 2104 fa'c‘i‘a

122 2165 244 2196 Romam
261 2165 303 2195 ad
317 2184 325 2192 ·
341 2186 350 2196 .
371 2187 378 2195 .
386 2167 548 2207 petendum,
570 2172 601 2196 ut
621 2177 672 2196 rex
689 2164 724 2196 ab
732 2165 839 2206 finam
856 2164 1069 2207 appellaretur,
1091 2163 1175 2206 misit.
1225 2159 1458 2204 (5)Sententi2

124 2210 276 2243 omnium
292 2210 482 2242 senatorum
497 2210 627 2252 exquiri
644 2221 714 2241 non
727 2217 867 2252 potuere
884 2222 891 2241 ε
917 2208 1115 2242 deliberatio
1133 2208 1174 2239 ad
1192 2207 1293 2239 finem
1319 2206 1457 2250 perduci

125 2267 165 2289 eo
183 2257 236 2288 die
261 2266 330 2287 non
356 2255 476 2298 potuit.
526 2258 615 2287 Infrf³⁴
634 2256 654 2286 l.
672 2265 724 2296 32.
742 2267 771 2287 c,
806 2265 858 2288 22.
874 2256 1253 2299 perrogariquesententias
1275 2253 1457 2296 prohibebat.

123 2302 182 2343 (6)
195 2301 322 2333 Perfius
337 2304 466 2344 crepidas
486 2303 643 2333 Graiorum
661 2302 820 2344 appellat,
842 2302 910 2332 Sat.
928 2311 958 2334 1.
981 2311 1014 2332 v.
1043 2309 1118 2339 127.
1163 2300 1253 2331 Idem
1269 2301 1373 2332 ferme
1397 2298 1458 2330 ob-

125 2349 197 2392 jicit
209 2346 283 2380 Cic.
311 2347 423 2379 Verri.
454 2349 542 2379 Stetit
561 2350 687 2390 soleatus
699 2355 817 2390 praetor
837 2346 943 2389 populi
959 2348 1084 2378 Romani
1108 2357 1168 2376 cum
1191 2347 1290 2388 pallio
1301 2352 1461 2388 purpureo.

126 2394 218 2427 Saleae
233 2393 322 2426 enim
350 2392 438 2426 idem
452 2395 520 2425 fere
537 2401 644 2432 erant,
666 2394 757 2434 quod
773 2395 898 2436 crepidae.
944 2392 985 2424 lis
996 2394 1168 2435 plantarum
1186 2391 1289 2422 calces
1314 2399 1460 2423 tantum-

129 2441 231 2473 modo
267 2438 379 2471 infime
407 2439 603 2482 tegebantur
619 2453 626 2472 :
669 2446 778 2470 cetera
812 2440 916 2481 prope
951 2439 1041 2470 nuda
1069 2438 1102 2468 δε
1134 2437 1296 2469 teretibus
1326 2435 1461 2468 habenis

132 2486 254 2518 viana.
281 2485 366 2517 Gell.
413 2486 470 2527 (7)
496 2484 761 2518 Commentarios
773 2484 929 2526 intellige,
955 2496 974 2516 a
1002 2483 1193 2515 rhetoribus
1215 2482 1462 2525 philosophisve

130 2530 348 2573 conscriptos.
394 2531 452 2573 (8)
481 2533 611 2563 Colmtis
644 2530 778 2562 nomine
805 2529 1016 2572 designantur
1050 2529 1084 2567 ii,
1122 2529 1179 2570 qui
1205 2527 1405 2572 magistratui
1426 2527 1463 2560 in

135 2575 309 2622 provincii
335 2577 466 2615 adsunt,
487 2576 676 2614 consiliarii,
698 2577 876 2618 adjutore5‚
899 2575 1090 2607 administri.
1137 2577 1178 2606 Et
1204 2574 1244 2606 fic
1269 2573 1383 2616 passim
1408 2573 1465 2605 Ci-

135 2634 212 2657 cero
225 2623 288 2654 hoc
298 2633 420 2655 nomen
437 2622 573 2665 usurpat
591 2622 623 2653 in
643 2621 732 2653 libris
744 2630 862 2653 contra
880 2623 1030 2652 Verrem.
1043 2622 1125 2653 Hor.
1143 2622 1162 2651 1.
1184 2630 1210 2652 1.
1228 2622 1287 2662 Ep.
1307 2621 1339 2652 8.
1356 2630 1384 2651 v.
1409 2630 1463 2658 14.

180 2671 220 2702 C.
237 2678 288 2701 20.
307 2671 363 2710 (1)
376 2671 424 2700 Ex
440 2668 525 2701 veris
539 2667 695 2710 falfisque.
741 2668 799 2709 (2)
815 2667 867 2699 Sic
884 2666 972 2698 infrzi
987 2678 1012 2698 c.
1037 2667 1091 2699 26.
1105 2671 1146 2698 ad
1160 2668 1353 2698 Hannibalem
1366 2669 1465 2697 detru-

134 2717 249 2748 bendum
264 2728 298 2747 ex
315 2714 418 2748 Italici.
433 2714 453 2747 1.
472 2724 527 2756 30.
545 2726 575 2746 c.
603 2723 656 2748 20·
688 2727 723 2746 ex
747 2712 858 2747 diutim}
878 2714 1034 2758 pqffl‘ffione
1061 2714 1160 2746 Italiae
1184 2713 1224 2754 est
1251 2716 1406 2745 detrafins.
1432 2713 1466 2742 &

1380 2757 1469 2810 alibi.

1466 1505 1488 1536 S
1488 1506 1590 1548 ciffone
1596 1525 1603 1533 .
