1834 3099
154 1277 163 1298 1
174 1266 206 1299 3.
222 1265 355 1310 legionu-

877 202 1175 248 T.L1vl1

376 324 531 366 hastam
553 325 614 380 (7)
639 323 790 365 Martis
809 324 1012 366 Pra‘neste
1029 324 1098 364 sua
1116 323 1257 378 sponte
1272 330 1529 378 promotam:
1546 321 1695 364 bovem

368 385 409 423 in
432 384 570 424 Sicilia
592 384 777 424 locutum
798 398 808 424 ε
840 383 1041 423 infantem
1063 383 1105 422 in
1127 392 1243 422 utero
1276 382 1419 423 matris
1449 382 1492 422 in
1523 381 1691 422 Marru-

368 443 490 494 cinis,
523 442 564 482 Io
589 441 806 496 triumphe!
838 442 1051 482 clamafl‘e:
1082 454 1131 481 ex
1155 440 1326 480 muliere
1362 440 1518 495 Spoleti
1553 440 1690 480 virum

370 500 530 541 frustum
553 514 562 541 ε
594 500 763 541 Hadriae
786 513 896 541 aram
919 501 960 540 in
983 501 1106 548 coelo,
1130 497 1361 552 speciesque
1377 497 1595 540 hominum
1613 497 1695 538 cir-

370 558 468 600 cum
501 572 608 608 eam,
639 571 735 599 cum
758 554 929 599 candida
962 558 1087 606 veste,
1120 556 1220 597 visas
1243 557 1331 597 effe.
1397 556 1515 616 Qin
1542 556 1695 598 Roma‘.

370 631 536 672 quoque
558 616 599 657 in
623 616 706 672 ipsa
726 616 841 666 urbe,
872 622 897 669 †
927 616 1155 658 secundum
1179 629 1303 669 apum
1325 629 1500 656 examen
1530 615 1574 655 in
1601 613 1693 654 foro

369 676 517 725 visum,
548 674 798 716 affirmantes
819 675 1006 729 quidam,
1037 673 1218 728 legiones
1242 673 1280 713 se
1303 683 1480 715 armatas
1507 673 1549 714 in
1580 671 1695 726 Jani·

368 736 465 775 culo
484 733 639 784 videre,
655 733 965 774 concitaverunt
986 731 1194 773 civitatem
1214 732 1264 771 ad
1282 745 1392 772 arma
1413 746 1422 772 :
1453 731 1525 786 qui
1541 740 1630 772 tum
1651 729 1695 770 'm

368 792 561 846 Janiculo
582 792 725 843 essent,
756 801 973 847 negarunt,
996 804 1248 846 quemquam
1265 789 1338 842 ibi,
1359 795 1507 845 praeter
1522 789 1696 831 assuetos

369 851 486 893 collis
520 851 610 906 ejus
645 851 839 900 cultores,
882 849 1120 904 apparuisse.
1195 849 1298 890 Haec
1333 847 1521 904 prodigia
1555 846 1698 888 hostiis

369 907 597 966 majoribus
618 918 835 963 procurata
854 904 948 948 sunt
968 921 1019 947 ex
1041 906 1273 962 aruspicum
1294 906 1509 961 responso:
1541 908 1583 947 ἅτ
1605 904 1700 960 sup-

371 967 540 1022 plicatio
562 965 755 1008 omnibus
775 966 896 1016 Deis,
927 979 1106 1020 quorum
1128 965 1356 1021 pulvinaria
1386 965 1537 1007 Romae
1558 963 1700 1014 effent,

372 1026 531 1066 indicia
557 1023 629 1065 est.

431 1083 508 1124 XI.
540 1081 886 1137 Perpetratis(1),
910 1095 1004 1136 quae
1024 1082 1074 1122 ad
1091 1096 1236 1136 pacem
1255 1078 1400 1123 Deum
1423 1079 1701 1136 pertinebant,

374 1142 425 1182 de
446 1139 656 1195 republica
677 1139 868 1194 belloque
890 1140 1086 1195 gerendO,
1120 1143 1161 1181 δι
1185 1149 1389 1194 quantum
1410 1139 1638 1195 copiarum,
1658 1141 1702 1180 ὅτ

376 1199 446 1240 ubi
494 1211 670 1253 quaeque
713 1198 856 1248 effent,
899 1197 1088 1239 consules
1143 1199 1193 1239 ad
1243 1197 1428 1239 senatum
1459 1198 1703 1238 retulerunt.

375 1256 678 1312 Duodeviginti
706 1255 939 1312 legionibus
965 1255 1121 1296 bellum
1148 1256 1235 1311 geri
1256 1256 1438 1310 placuit:
1467 1254 1584 1298 binas
1604 1268 1705 1296 con-

376 1317 482 1357 sules
501 1315 571 1356 fibi
588 1314 777 1355 sumere:
805 1313 912 1355 binis
935 1314 1134 1363 Galliam,
1165 1313 1452 1369 Siciliamque,
1481 1328 1529 1356 ac
1564 1312 1705 1355 Sardie

376 1375 488 1415 niam
516 1372 693 1414 obtineri
712 1387 722 1413 z
753 1371 992 1426 duabusque
1014 1371 1267 1430 QFabium
1284 1382 1503 1428 praetorem
1521 1371 1707 1427 Apuliae,

377 1431 540 1474 duabus
558 1432 756 1472 volonum
777 1429 845 1472 Ti.
871 1429 1113 1472 Gracchum
1135 1431 1244 1472 circa
1264 1431 1484 1473 Luceriam
1516 1430 1707 1486 praeess‘e:

378 1491 555 1546 singulas
576 1489 627 1530 C.
648 1489 851 1530 Terentio
871 1488 1104 1543 proconsuli
1125 1490 1174 1530 ad
1196 1489 1414 1541 Picenum,
1448 1492 1488 1532 δε
1526 1489 1592 1531 Μ.
1619 1489 1708 1529 Va-

377 1550 479 1590 lerio
501 1550 552 1589 ad
581 1547 743 1589 classem
765 1547 873 1588 circa
892 1546 1156 1588 Brundisium
1190 1547 1384 1603 relinqui,
1415 1549 1458 1590 ὅτ
1485 1548 1588 1589 duas
1616 1546 1711 1589 urbi

379 1606 565 1664 praesidio
585 1605 677 1646 effe.
737 1604 823 1646 Hic
844 1614 889 1645 ut
910 1619 1108 1646 numerus
1128 1605 1340 1662 legionum
1361 1606 1610 1662 expleretur,
1641 1604 1710 1647 sex

380 1681 498 1707 novae
520 1664 703 1720 legiones
717 1672 832 1704 erant
853 1663 1089 1704 scribendae.
1106 1677 1174 1704 eas
1191 1663 1326 1719 primo
1341 1677 1509 1720 quoque
1524 1673 1710 1720 tempore

382 1724 570 1766 consules
604 1721 778 1763 scribere
800 1721 911 1778 jussi,
945 1724 987 1764 δι
1023 1722 1184 1763 claffem
1224 1737 1395 1777 parare:
1436 1731 1483 1763 ut
1516 1736 1614 1764 cum
1650 1722 1710 1765 eis

382 1782 574 1834 navibus,
610 1784 672 1835 (2)
690 1794 782 1834 quae
799 1794 874 1834 pro
893 1779 1096 1822 Calabriae
1112 1780 1300 1822 litoribus
1317 1781 1359 1822 in
1381 1780 1554 1822 statione
1570 1780 1711 1832 effent,

383 1850 554 1882 centum
604 1838 905 1894 quinquaginta
949 1844 975 1891 †
1005 1840 1222 1894 longarum
1263 1839 1431 1880 navium
1481 1838 1610 1881 clafl'is
1661 1852 1713 1882 eo

386 1910 495 1940 anno
537 1898 783 1952 expleretur.
845 1897 1028 1938 Delectu
1055 1896 1214 1948 habito,
1260 1900 1300 1939 &
1339 1907 1508 1939 centum
1538 1895 1713 1941 navibus

386 1952 505 1999 novis
541 1955 747 2005 deducus,
780 1955 855 2014 Q
875 1954 1025 1996 Fabius
1060 1955 1227 1996 comitia
1261 1955 1499 1998 censoribus
1527 1956 1714 1998 creandis

362 2015 548 2058 ,habuit.
583 2014 709 2055 creati
743 2015 810 2055 M.
833 2013 987 2054 Atilius
1020 2013 1208 2068 Regulus
1243 2016 1280 2055 δε
1316 2016 1360 2056 Ρ.
1385 2012 1536 2055 Furius
1555 2013 1716 2057 Philus.

391 2076 538 2132 Qum
556 2072 871 2114 increbresceret
887 2086 1028 2112 rumor
1044 2071 1199 2112 bellum
1216 2072 1258 2112 in
1271 2072 1411 2114 Sicilia
1427 2072 1520 2122 effe,
1537 2071 1592 2114 T.
1609 2073 1717 2114 Ota-

391 2134 510 2174 cilius
529 2129 580 2173 eo
601 2145 698 2172 cum
726 2130 842 2172 claffe
871 2129 1072 2186 proficisci
1090 2130 1219 2187 just-'us
1236 2129 1308 2172 est.
1369 2131 1516 2191 Qum
1537 2131 1716 2173 deeffent

1561 2199 1715 2242 nautae,

392 2327 456 2370 lige
473 2330 557 2360 ,edem
579 2327 705 2357 Vulcani
720 2328 748 2356 in
766 2333 861 2368 campo
885 2325 1027 2358 Martio.
1078 2326 1135 2366 (7)
1159 2326 1294 2358 Hastam
1319 2337 1419 2369 quam
1447 2324 1572 2358 Martis
1595 2325 1716 2369 effigies

393 2384 493 2405 manu
519 2372 663 2414 gerebat.
713 2372 792 2403 Vid.
811 2379 882 2402 not.
900 2381 931 2402 2.
958 2373 999 2403 ad
1022 2382 1052 2402 c.
1067 2371 1160 2404 62.1.
1175 2382 1229 2404 21.
1245 2373 1355 2415 supra.
1406 2371 1532 2404 Eodem
1557 2371 1717 2415 pertinet,
1734 2394 1740 2397 —

394 2419 485 2460 quod
498 2418 541 2449 est
556 2419 577 2448 l.
592 2427 644 2449 22.
659 2428 687 2448 c.
703 2427 730 2449 1.
777 2419 911 2449 Mavors
926 2418 1097 2459 telumsuum
1114 2421 1230 2449 concutit
1241 2432 1251 2450 .·
1277 2418 1335 2450 ubi
1352 2416 1497 2462 plurima
1512 2415 1624 2450 similia
1637 2427 1716 2462 pro·

395 2463 482 2505 digia
495 2470 683 2494 narrantur.

443 2510 482 2540 C.
504 2518 517 2538 1
528 2518 556 2539 1.
601 2510 661 2550 (1)
685 2507 734 2540 sic
752 2506 850 2549 supra
869 2507 891 2538 l.
907 2517 938 2538 1.
950 2517 978 2539 c,
991 2507 1023 2540 8.
1042 2508 1120 2539 rebus
1132 2509 1239 2540 divinis
1253 2507 1308 2539 rite*
1318 2509 1509 2553 perpetratis.
1521 2506 1608 2541 infra
1625 2508 1650 2542 l.
1661 2518 1715 2548 44.

396 2565 426 2585 c.
445 2563 500 2592 37.
525 2555 669 2596 sacrificio
694 2554 751 2585 rite*
773 2561 948 2596 perpetralo.
995 2554 1073 2586 Vid-
1095 2560 1171 2584 not.
1187 2563 1239 2586 12.
1267 2554 1309 2586 ad
1335 2565 1364 2586 c.
1386 2563 1439 2594 35·
1466 2553 1486 2585 l·
1512 2563 1567 2593 23·
1600 2553 1712 2598 supti.

395 2599 454 2639 (2)
471 2598 668 2640 Intelligitur
685 2598 786 2630 claffis
801 2597 1042 2640 quinquaginta
1059 2598 1206 2638 navium,
1228 2599 1280 2631 cui
1296 2609 1384 2632 anno
1401 2598 1600 2642 praecedenti
1616 2599 1715 2643 legati

397 2654 534 2676 munere
558 2646 731 2685 praefuerat
747 2646 781 2675 P.
794 2644 945 2676 Valerius
964 2644 1115 2681 l⁷laccus3
1133 2643 1203 2676 vid.
1221 2645 1319 2686 supra
1337 2645 1357 2677 l.
1377 2653 1432 2684 23.
1453 2655 1482 2677 e.
1499 2644 1556 2685 38·
1579 2655 1717 2687 queque

399 2699 478 2722 cura
491 2688 645 2732 deinceps
672 2689 828 2722 transsata
854 2688 988 2722 videtur
1011 2688 1046 2723 in
1071 2691 1127 2723 M.
1144 2690 1316 2723 Valerium
1330 2688 1506 2724 Laevinum
1527 2697 1714 2734 praetorem.

1629 2734 1714 2771 ibid.

993 2844 1051 2859 ..Ἀ.
