1840 3094
360 172 594 228 LIBER
647 180 787 228 XXII.
849 178 1009 227 CAP.
1064 174 1179 227 ΙΝ.

105 317 224 353 mum,
240 303 458 360 familiam,
491 314 641 358 remque
672 314 790 343 meam
818 301 962 356 pffmo
994 301 1062 342 leto
1092 302 1264 359 qfficias!
1295 302 1342 342 In
1358 301 1431 343 baec

106 362 236 410 verba,
269 362 322 404 L.
343 364 486 412 Cla-ili,
503 364 637 417 jures,
663 362 817 416 pqstulo,
849 362 1048 414 ceterique,
1079 364 1145 414 qui
1173 359 1301 415 aristis
1321 380 1332 399 .·
1365 362 1432 415 qui

105 435 174 459 non
182 422 403 475 juraverit,
434 423 474 460 in
481 422 527 475 ſs’
554 420 654 460 hunc
665 419 837 473 gladium
841 421 1027 476 stricJum
1050 419 1238 475 ff’sciat.
1300 420 1427 460 Haud

99 477 214 519 secus
254 480 405 533 pavidi,
438 480 563 533 quam
607 478 632 517 fi
675 478 876 517 victorem
896 477 1175 516 Hannibalem
1198 487 1427 527 cernerent,

93 537 236 592 jurant
271 552 415 579 onmes
434 553 443 578 :
474 536 842 590 custodiendosque
865 535 992 575 semet
1013 534 1119 590 ipsos
1139 535 1324 589 Scipioni
1346 546 1427 576 tra-

101 595 221 634 dunt.

156 653 273 694 LIV.
306 654 367 695 Eo
388 664 588 708 tempore,
620 668 703 707 quo
739 653 828 693 haec
862 651 1027 693 Canufii
1064 651 1306 707 agebantur,
1340 652 1422 692 Ve-

97 712 255 752 nusiam
278 714 328 753 ad
347 712 557 754 consulem
578 720 601 762 †
624 714 675 752 ad
708 722 886 766 quatuor
917 710 1043 750 millia
1079 711 1266 764 pediturn
1307 711 1423 764 equi·

96 779 288 825 tumque,
321 772 391 825 qui
428 771 544 825 spars1
582 770 680 826 fuga
710 784 782 824 per
819 783 936 825 agros
973 768 1154 825 fuerant,
1188 779 1421 822 pervenere.

95 827 178 870 Eos
199 844 344 870 omnes
366 829 564 870 Venusini
587 844 659 883 per
681 828 856 868 familias
872 826 1050 882 benigne
1072 828 1332 881 accipiendos
1351 842 1425 868 cu-

93 888 322 941 randosque
345 902 474 942 quum
496 888 725 936 divifiss‘ent,
757 887 799 926 in
839 887 1014 940 singulos
1051 887 1210 939 equites
1246 896 1362 940 togas
1383 897 1425 927 et

93 947 253 986 tunicas
284 957 325 986 et
362 961 426 993 [12v
453 946 717 1001 quadrigatos
751 958 944 985 nummos
982 944 1130 997 quinos
1171 945 1351 993 vicenos,
1384 956 1426 986 et

93 1004 300 1058 peditibus
337 1005 481 1057 denos,
526 1014 567 1044 et
609 1019 736 1052 arma,
787 1003 935 1057 quibus
973 1004 1158 1053 deerant,
1206 1004 1422 1044 dederunt.

92 1073 310 1118 ceteraque
336 1062 499 1117 publice
539 1076 587 1103 ac
608 1062 799 1118 privatim
835 1061 1088 1116 hospitaliter
1123 1061 1261 1102 faeta:
1293 1072 1424 1102 certa-

92 1132 283 1176 tumque,
315 1135 365 1162 ne
389 1137 410 1161 a
432 1121 604 1162 muliere
640 1120 844 1163 Canufina
878 1123 1055 1174 populus
1089 1120 1323 1160 Venusinus
1359 1121 1424 1160 of-

92 1179 197 1220 ficiis
219 1181 464 1221 vinceretur.
526 1180 608 1220 Sed
641 1181 804 1235 gravius
827 1185 937 1219 onus‘
962 1177 1079 1217 Busae
1103 1186 1172 1232 (23
1198 1179 1423 1218 multitudo

93 1238 285 1289 faciebat,
317 1252 358 1279 et
389 1240 476 1294 jam
509 1239 557 1278 ad
591 1239 734 1278 decem
755 1237 882 1276 millia
902 1236 1120 1276 hominum
1141 1246 1269 1276 eraut.
1336 1239 1424 1291 Ap-

92 1297 265 1352 piusque
287 1308 327 1336 et
349 1297 506 1351 Scipio,
529 1296 746 1350 postquam
768 1295 1018 1336 incolumem
1041 1295 1116 1334 effe
1131 1296 1305 1334 alterum
1322 1309 1423 1335 con-

95 1356 224 1396 sulem
247 1365 510 1409 acceperunt,
543 1355 744 1395 nuncium
787 1354 994 1407 extemplo
1035 1353 1223 1403 mittunt,
1255 1363 1423 1406 quantae

91 1414 229 1454 secum
251 1413 437 1468 peditum
460 1413 730 1466 equitumque
753 1412 883 1465 copiae
906 1412 1059 1451 effent:
1091 1411 1421 1464 sciscitatumque

91 1472 225 1525 fimul,
258 1483 397 1512 utrum
438 1471 662 1511 Venusiam
704 1471 852 1510 adduci
882 1469 1130 1519 exercitum,
1163 1482 1213 1508 an
1253 1483 1421 1509 manere

84 1531 251 1587 juberet
273 1529 477 1572 Canusii?
510 1530 645 1568 Varro
682 1528 764 1582 ipse
802 1527 1027 1568 Canusium
1062 1527 1200 1581 copias
1222 1527 1418 1567 traduxit.

89 1591 234 1645 etjam
257 1590 393 1643 aliqua
415 1588 567 1642 species
585 1586 809 1628 consularis
830 1584 1035 1626 exercitus
1058 1595 1170 1634 erat3
1194 1585 1421 1625 moenibus-

89 1663 171 1702 que
194 1648 231 1688 se
255 1650 381 1699 certe,
408 1651 475 1701 (31
513 1647 538 1685 fi
576 1661 661 1686 non
703 1645 841 1693 armis,
874 1644 923 1684 ab
945 1644 1059 1684 hoste
1083 1643 1326 1684 videbantur
1348 1644 1420 1684 de-

88 1706 256 1748 fensuri.
320 1706 516 1754 Romam,
550 1719 600 1744 ne
640 1704 713 1744 has
735 1703 904 1757 quidem
929 1702 1120 1756 reliquias
1139 1700 1339 1755 supereffe
1361 1703 1420 1743 ci-

89 1766 203 1806 vium
245 1765 546 1816 sociorumque,
579 1762 646 1802 sed
683 1762 898 1802 occidione
932 1761 1087 1801 occisos
1128 1774 1224 1801 cum
1256 1759 1417 1801 duobus}

89 1824 337 1865 exercitibus
371 1823 573 1870 consules,
606 1820 839 1873 deletasque
876 1833 1020 1861 omnes
1057 1819 1216 1873 copias,
1248 1820 1418 1859 allatum

86 1876 235 1923 fuerat.
297 1881 540 1934 Nunquam,
573 1879 678 1920 salva
713 1878 827 1928 urbe,
864 1888 1027 1917 tantum
1067 1877 1228 1931 pavoris
1264 1879 1419 1918 tumul-

87 1940 234 1996 tusque
276 1939 382 1979 intra
424 1938 579 1979 moenia
622 1938 814 1978 Romana
851 1936 941 1976 fuit.
976 1937 1114 1988 itaque
1151 1935 1417 1976 succumbam

86 2000 220 2050 oneri,
251 2011 384 2052 neque
406 1997 619 2052 aggrediar
640 2009 819 2044 narrare,
841 2009 933 2048 quae
948 1994 1224 2033 ediffertando
1248 1997 1315 2047 (4)
1341 1995 1416 2033 mia

86 2070 188 2099 nora
210 2070 305 2098 vero
326 2056 477 2098 fecero.
541 2054 720 2096 Consule
752 2054 1019 2108 exercituque
1057 2052 1108 2094 ad
1127 2052 1166 2093 T
1168 2052 1417 2093 rafimenum

761 2112 799 2154 L
834 2124 857 2154 2
1277 2109 1414 2164 priore

133 2269 173 2301 C.
202 2277 256 2307 54.
300 2267 357 2309 (1)
380 2260 455 2298 vid.
480 2271 553 2298 not.
582 2274 614 2305 3.
638 2264 680 2296 ad
707 2267 734 2296 c'.
761 2266 820 2303 52.
842 2263 954 2306 supra.
1006 2264 1054 2295 Ex
1081 2258 1144 2294 hoc
1172 2262 1258 2301 loen,
1283 2263 1315 2295 &
1341 2263 1412 2296 aliis

86 2313 204 2346 itidem
226 2313 331 2355 (infra
349 2313 369 2344 l.
387 2322 440 2353 29·
460 2323 485 2342 c.
504 2322 534 2350 3.
555 2311 587 2341 8<
611 2310 664 2350 36.
684 2310 705 2340 l.
721 2321 777 2347 44.
797 2321 823 2340 c.
844 2310 910 2350 16.)
928 2317 1019 2351 patet
1049 2317 1141 2350 togas
1155 2308 1254 2339 etiam
1281 2319 1299 2339 a
1326 2309 1413 2340 mili-

88 2359 249 2396 mutibus,
271 2357 512 2389 honestioribus
539 2355 686 2397 quidem,
708 2355 863 2397 gestatas;
886 2355 961 2385 licet
991 2353 1111 2385 nonin
1128 2352 1204 2384 acie.
1252 2354 1414 2385 Variatur*

88 2413 201 2436 autem
217 2402 429 2440 construtffio,
451 2403 612 2444 inſsngulos
633 2404 736 2442 equites
754 2423 759 2430 .
784 2425 790 2431 .
811 2423 817 2429 .
841 2398 880 2431 δ’
897 2400 1038 2442 peditibus
1053 2399 1116 2430 ὅτε.
1143 2400 1210 2429 fere
1224 2406 1261 2430 ut
1279 2398 1366 2430 infr}
1390 2399 1414 2434 l.

87 2460 141 2489 45.
158 2461 187 2481 c.
209 2459 263 2489 34.
290 2456 423 2490 tantaque
443 2449 551 2490 praeda
570 2448 648 2487 fuit,
670 2453 701 2476 ut
720 2448 748 2475 in
776 2448 892 2486 equitem
918 2446 1104 2486 quadrmgeni
1126 2447 1246 2482 denarii,
1271 2446 1413 2486 peditibus

87 2497 182 2526 duceni
197 2497 400 2525 dividerentur.
445 2493 503 2534 (2)
529 2489 669 2523 Mulieri
685 2490 821 2532 Apulae,
842 2489 882 2520 de
899 2489 964 2530 qufi
985 2489 1082 2531 suprfi
1106 2500 1135 2520 c.
1153 2498 1211 2528 52.
1257 2490 1315 2530 (3)
1337 2491 1413 2521 Ele-

87 2549 169 2580 gans
191 2539 235 2572 est
258 2539 332 2570 usus
359 2537 598 2581 particularum
614 2536 742 2579 certc³‚st
756 2547 816 2565 ncn.
865 2535 997 2565 inverso
1013 2533 1131 2565 ordine
1148 2534 1293 2566 occurrit
1321 2537 1412 2578 apud

89 2584 160 2617 Cic.
177 2586 200 2616 l.
216 2595 245 2624 3.
261 2585 302 2616 ad
320 2587 395 2616 Att.
412 2586 472 2625 Ep.
493 2593 544 2622 15.
590 2583 626 2613 Si
641 2595 692 2612 non
715 2582 784 2622 plus
800 2582 906 2622 ingenio
922 2580 1048 2617 valebas,
1068 2579 1150 2621 qubm
1166 2592 1224 2623 ego,
1245 2581 1316 2610 certe*
1330 2584 1413 2611 time-²

88 2631 138 2662 bas
150 2632 251 2664 mimh.
300 2630 360 2673 (4)
381 2629 496 2661 Verbo
511 2627 672 2672 cdffvrtarc
688 2626 825 2659 Plautus
841 2624 886 2657 est
901 2625 988 2665 usu3‚
1011 2624 1081 2657 Cas.
1097 2635 1132 2664 5.
1151 2634 1180 2659 2.
1198 2623 1410 2715 3,αὲῗίὸῄ

1303 2683 1312 2700 Ι
1335 2682 1413 2703 ι’ῙέΪε

1582 199 1660 243 147

1447 658 1481 686 V
1476 657 1594 700 emfiam
1613 668 1649 690 ex

1503 702 1513 711 4

1431 704 1511 742 fuget
1528 711 1622 734 coeunt

1443 760 1477 776 αι4
1485 750 1648 781 4h0minu7n

1442 793 1545 825 millia.

1440 1723 1641 1757 Reum-Romae

1438 1772 1591 1801 maximus.
