1834 3099
386 171 626 214 LIBER
684 172 887 216 XXVIII.
937 170 1090 216 CAP.
1134 171 1292 219 XLVI.

143 284 199 326 est
222 286 329 328 usus.
386 289 578 331 Umbriae
593 290 751 345 populi,
769 292 810 332 δε
825 297 974 344 praeter
987 288 1063 331 hos
1078 292 1262 344 Nursmi,
1296 296 1336 334 &c
1356 293 1467 333 Rea·-

145 344 235 394 tini,
265 348 306 386 &
332 347 596 400 Amiternini,
628 348 880 402 Sabinusque
903 361 998 401 ager
1025 351 1174 400 omnis,
1206 352 1354 392 milites
1376 353 1467 405 pol-

142 402 258 445 liciti.
315 406 457 455 ]Marfi,
470 407 647 462 Peligni,
664 405 991 458 Marrucinique,
1020 409 1140 448 multi
1155 410 1373 449 voluntarii
1391 424 1466 450 no·

143 460 255 501 mina
290 462 331 503 in
354 465 512 504 classem
547 467 758 505 dederunt.
821 466 1050 514 Camertes,
1083 469 1173 521 (14)
1196 482 1323 520 quum
1344 482 1465 522 aequo

144 517 302 562 foedere
323 537 417 562 curn
443 524 654 564 Romanis'
673 524 814 575 effent,
846 522 1057 563 cohortem
1080 536 1275 565 armatam
1300 526 1466 566 sexcen-

144 588 280 619 torum
302 580 519 621 hominum
545 582 752 623 miserunt.
813 581 1002 637 Triginta
1024 583 1189 622 navium
1213 584 1376 634 carinae,
1406 585 1466 623 vi-

140 636 246 691 ginti
282 640 615 694 quinqueremes,
662 642 803 680 decem
842 639 1135 693 quadriremes,
1181 656 1309 695 quum
1341 643 1466 682 eflent

140 696 280 750 positae
302 701 408 752 (15)›
440 699 524 752 ipse
555 699 609 738 ita
647 698 791 738 institit
826 698 955 752 operi,
989 708 1034 737 ut
1069 699 1135 739 die
1157 701 1465 755 quadragefimo

142 754 304 808 quInto,
334 755 497 810 †quam
519 770 568 796 ex
592 757 695 797 filvis
716 757 901 796 detracta
925 757 1091 796 materia
1117 767 1220 806 erat,
1250 772 1373 798 naves
1403 759 1464 797 in-

141 812 306 855 structae
324 825 572 869 armataeque
589 815 630 854 in
652 829 800 870 aquam
818 815 1007 856 deduffiae
1030 815 1118 855 fint.

199 872 359 913 XLVI.
380 873 600 913 Profectus
634 873 676 913 in
706 873 888 915 Siciliam
910 872 966 914 est'
988 874 1155 929 triginta
1177 874 1347 915 navibus
1375 875 1466 916 lon-

140 930 219 984 gis,
249 931 575 972 voluntariorum
597 931 751 985 septem
775 931 904 972 ferme
920 932 1102 973 millibus
1122 933 1163 971 in
1185 947 1308 974 naves
1334 933 1464 988 impo-

141 989 235 1031 fitis.
296 989 350 1029 Et
367 990 413 1031 Pg
434 990 619 1031 Licinius
637 991 678 1030 in
701 991 884 1031 Bruttios
905 992 954 1030 ad
977 993 1080 1031 duos
1094 992 1299 1032 exercitus
1318 992 1465 1033 consu-

140 1048 245 1089 lares
265 1048 389 1088 venit.
428 1062 482 1088 ex
512 1049 570 1089 eis
603 1063 698 1088 eum
736 1048 805 1089 fibi
838 1049 1016 1103 sumpsit,
1049 1063 1171 1103 quem
1194 1050 1244 1091 L.
1264 1050 1465 1092 Veturius

139 1105 280 1146 consul
302 1106 513 1147 habuerat.
574 1108 764 1157 Metello,
796 1117 858 1158 ut,
891 1107 1038 1161 quibus
1055 1107 1274 1162 praefuiss'et
1294 1109 1466 1163 legioni-

139 1163 233 1213 bus,
264 1165 313 1205 iis
335 1165 533 1218 praeeffet‚
565 1165 744 1220 (facilius
765 1180 861 1206 cum
895 1166 1054 1205 affuetis
1082 1167 1256 1220 imperio
1284 1170 1347 1221 (ι)
1376 1181 1462 1208 rem

138 1223 349 1278 gesturum
370 1228 500 1279 ratus)
535 1223 728 1278 permilit.
788 1224 840 1264 Et
873 1235 1065 1278 praetores
1087 1230 1112 1278 †
1129 1225 1271 1265 diversi
1307 1226 1348 1264 in
1369 1241 1465 1280 pro-

138 1281 296 1322 vincias
331 1281 523 1336 profecti.
586 1282 654 1332 Et,
701 1281 797 1336 quia
831 1283 1006 1337 pecunia
1034 1283 1085 1323 ad
1115 1281 1270 1323 bellum
1307 1285 1461 1333 deerat,

138 1340 224 1396 agri
248 1340 451 1394 Campani
479 1341 705 1396 regionem,
738 1356 759 1381 a
781 1340 881 1381 fossa
914 1341 1061 1382 Graecfi
1084 1342 1132 1381 ad
1157 1355 1267 1382 mare
1289 1342 1460 1393 versam,

138 1399 314 1439 vendere
337 1397 688 1454 quaestoresjuffi;
721 1402 784 1454 (2)
801 1399 954 1440 indicio
975 1414 1141 1454 quoque
1161 1400 1365 1454 permisso,
1386 1402 1459 1455 qui

137 1470 235 1512 ager
252 1457 353 1498 civis
375 1457 576 1511 Campani
597 1456 750 1508 fuiffet,
782 1468 827 1497 ut
850 1458 882 1497 is
903 1457 1093 1512 publicus
1113 1459 1256 1513 populi
1277 1459 1461 1499 Romani

136 1516 245 1556 effet.
267 1515 394 1556 indici
415 1516 633 1570 praemium
656 1515 941 1568 constitutum,
972 1527 1137 1570 quantae
1158 1517 1344 1571 pecuniae
1364 1531 1462 1572 ager

136 1573 342 1615 indicatus
360 1575 473 1625 effet,
502 1589 596 1633 pars
612 1574 786 1614 decima.
847 1575 900 1614 Et
916 1575 994 1616 Cn.
1012 1575 1185 1615 Servilio
1206 1576 1370 1630 praetori
1392 1590 1462 1616 ur-

136 1631 199 1674 bis
226 1633 440 1688 negotium
477 1634 639 1684 datum,
671 1643 716 1673 ut
745 1632 946 1688 Campani
979 1634 1101 1683 cives,
1133 1632 1203 1674 ubi
1236 1634 1386 1688 cuique
1407 1648 1461 1676 ex

135 1691 481 1733 senatusconsulto
508 1691 650 1732 liceret
679 1690 878 1742 habitare,
908 1692 964 1732 ibi
984 1691 1244 1742 habitarent3
1277 1693 1462 1733 animad-

135 1759 394 1805 verteretque
426 1750 470 1790 in
490 1764 576 1800 eos,
606 1749 680 1804 qui
712 1749 807 1790 alibi
829 1750 1072 1791 habitarent.
1134 1751 1289 1792 Eadem
1324 1751 1460 1792 aestate

134 1809 280 1865 Mago,
310 1808 559 1850 Hamilcaris
581 1808 704 1858 filius,
735 1822 785 1848 ex
809 1809 966 1850 minore
983 1809 1206 1849 Baliarium
1223 1809 1367 1859 insula,
1389 1809 1460 1850 ubi

134 1867 386 1918 hibernarat,
412 1869 630 1923 juventute
651 1866 760 1907 ledia
782 1868 823 1906 in
840 1868 999 1907 classem
1013 1868 1213 1921 impolita,
1244 1868 1286 1907 in
1301 1868 1459 1908 Italiam

135 1926 303 1981 triginta
330 1925 461 1966 ferme
494 1926 674 1966 rostratis
696 1926 867 1966 navibus
892 1927 929 1966 &
954 1926 1095 1966 multis
1115 1927 1328 1976 onerariis,
1358 1927 1461 1967 duo-‚-

136 1984 271 2030 decim
287 1984 414 2025 millia
434 1984 636 2038 peditum,
666 1984 751 2024 duo
771 1983 901 2024 ferme
937 1984 1124 2038 equitum
1158 1984 1342 2040 trajecit:
1374 1985 1461 2026 Ge.

1251 2057 1460 2098 nuamque

135 2161 191 2196 scd
208 2172 226 2192 e
240 2159 326 2193 filvis
344 2156 485 2203 Publicis
495 2159 614 2203 populi
630 2159 772 2192 Romani
785 2160 888 2192 excisii
911 2159 954 2192 est
968 2160 1052 2192 usus.
1094 2161 1174 2201 (14)
1190 2160 1350 2203 Suspicari
1363 2161 1461 2204 poffis

144 2208 327 2245 Camertes,
348 2217 451 2247 quum
470 2217 566 2247 aequo
579 2206 652 2247 jure
669 2217 705 2237 ac
720 2207 842 2238 foedere
857 2206 891 2236 in
909 2205 1086 2237 amicitiam
1102 2208 1331 2238 Romanorum
1352 2208 1460 2240 venis-

138 2252 222 2289 sent,
245 2262 313 2283 non
340 2251 464 2283 necefl'e
492 2250 649 2288 habuiffe,
671 2247 727 2282 au't
757 2252 853 2283 etiam
877 2252 990 2282 solitos
1014 2251 1108 2282 fuiffe
1124 2253 1282 2283 Romanis
1314 2253 1460 2295 praebere

139 2296 271 2329 milites.
317 2299 431 2338 Atque
447 2296 523 2328 ideo
540 2296 764 2327 observaverit
782 2297 896 2328 Livius
907 2307 962 2328 eos
977 2296 1011 2327 id
1030 2296 1138 2328 feciffe
1150 2297 1184 2328 in
1201 2297 1341 2339 gratiam
1357 2297 1459 2341 Scipi·

139 2342 222 2379 onis,
260 2343 350 2385 quod
369 2353 476 2384 neque
504 2342 568 2379 lex,
599 2352 708 2383 neque
734 2352 806 2374 mos
827 2342 966 2384 juberet.
1017 2343 1238 2383 AEquofcedere,
1261 2352 1296 2375 ut
1314 2344 1414 2385 supra
1430 2355 1459 2376 c.

140 2384 198 2427 34.
218 2402 280 2419 cum
297 2402 348 2430 quo
363 2390 529 2429 necfoedae,
552 2401 598 2420 nec
612 2391 699 2430 aequis
712 2389 818 2430 legibus
824 2392 993 2431 jungentur
1007 2390 1148 2426 amicifia.
1195 2390 1275 2430 (15)
1295 2389 1367 2420 Vid.
1381 2397 1454 2421 not.

138 2443 174 2473 5.
192 2434 235 2465 ad
251 2446 281 2467 c.
293 2435 325 2466 8.
341 2434 453 2476 supra.

185 2500 224 2529 C.
238 2497 294 2537 46.
307 2499 364 2540 (1)
376 2500 480 2539 Supra
494 2497 517 2529 l.
534 2496 565 2528 6.
583 2508 610 2528 c.
633 2505 663 2538 9.
687 2509 847 2538 quanquam
864 2503 1009 2539 expertum
1038 2500 1191 2528 exercitum
1207 2499 1390 2542 affictamque
1404 2503 1459 2531 im-

137 2547 219 2584 peria
229 2546 343 2575 mallet.
388 2544 443 2584 (2)
458 2542 661 2574 Memoravit
678 2541 795 2572 Livius
810 2542 909 2584 supra
937 2542 962 2574 1.
989 2542 1039 2573 26.
1057 2554 1086 2573 c.
1104 2543 1155 2574 16.
1183 2554 1299 2585 agrum
1327 2556 1458 2579 omnem

142 2590 349 2632 Campanum
365 2588 537 2633 publicum
554 2587 669 2631 populi
682 2587 824 2620 Romani
843 2589 967 2624 {austum
987 2587 1060 2620 effe.
1110 2588 1176 2620 hic
1193 2589 1303 2632 igitur,
1327 2602 1368 2622 ne
1394 2602 1460 2632 qua

758 2646 760 2649 ·
1385 2648 1462 2679 pars

1491 887 1673 929 Prcfitg'fi‘un-

1482 942 1530 965 tur*
1546 939 1554 962 (
1570 934 1616 975 ff

1481 1794 1581 1835 Mago
1594 1796 1624 1824 in

1479 1840 1638 1880 Liguriam

1479 1887 1610 1927 appellit.
