1840 3094
421 225 457 267 L
481 223 499 266 1
522 226 556 267 B
578 225 611 268 E
635 225 676 267 R
728 225 846 268 XXI.
892 226 1021 268 CAP.
1074 225 1256 268 XXXII.

167 340 290 382 nibali
319 341 579 384 occursurus.
666 341 733 383 Ne
768 352 906 384 tamen
941 343 1053 383 nuda
1084 343 1246 384 auxiliis
1283 340 1490 383 Romanis

165 401 366 454 Hispania
385 402 496 451 effet,
529 415 653 455 quam
686 402 939 455 provinciam
973 401 1137 441 sortitus
1169 410 1271 453 erat,
1303 401 1381 442 Cn.
1399 400 1489 441 Sci-

164 458 332 512 pionem
366 459 533 499 fratrem
558 474 653 500 cum
686 459 865 500 maxima
898 470 1011 514 parte
1043 459 1255 513 copiarum
1296 459 1489 499 adversus

164 514 465 558 Hasdrubalem
488 518 594 558 misit
618 534 630 567 3
663 531 745 557 non
764 519 813 557 ad
832 519 1008 558 tuendos
1025 517 1314 557 tantummodo
1331 528 1488 565 veteres

165 574 295 616 socios
329 575 686 629 conciliandosque
724 590 870 628 novos,
915 577 982 616 sed
1015 577 1139 616 etiarn
1172 576 1222 616 ad
1249 576 1487 629 pellendum

163 633 363 688 Hispania
380 634 694 675 Hasdrubalem.
714 634 795 688 ipse
818 649 912 674 cum
932 635 1154 674 admodum
1178 633 1336 688 exiguis
1359 633 1488 687 copiis

164 692 357 732 Genuam
382 693 543 747 repetit,
576 707 640 742 eo,
672 695 742 746 qui
765 692 871 732 circa
893 693 1051 733 Padum
1069 703 1170 741 erat,
1206 691 1388 731 exercitu
1404 692 1487 731 lta-

163 750 259 790 liam
278 750 534 792 defensurus.
597 750 806 791 Hannibal
825 751 874 790 ab
897 749 1103 791 Druentia
1125 749 1339 804 campestri
1356 749 1484 789 maxi-

165 807 232 849 me
253 809 396 850 itinere
415 824 508 849 cum
535 812 597 865 (1)
617 809 722 849 bona
742 823 842 863 pace
874 811 923 849 ad
949 810 1076 864 Alpes
1110 811 1173 863 (2)
1214 808 1484 848 incolentium

161 881 208 906 ea
250 868 337 908 loca
381 868 599 908 Gallorum
640 868 838 922 pervenit.
925 867 1057 919 Tum,
1106 881 1343 921 quanquam
1372 865 1484 906 fama

161 929 183 978 ss
206 926 320 979 prius
347 927 444 980 (qua
476 926 630 966 incerta
664 927 705 965 in
729 927 861 982 majus
884 940 980 966 vero
1001 925 1098 965 ferri
1133 925 1280 980 solent)
1302 938 1485 979 praecep-

161 994 199 1023 ta
219 986 281 1037 (3)
303 998 365 1024 res
381 994 482 1034 erat,
501 994 637 1024 tamen
660 998 708 1024 ex
724 985 958 1039 propinquo
974 984 1055 1024 visa
1070 983 1275 1041 montium
1294 983 1483 1032 altitudo,

162 1042 355 1096 nivesque
376 1044 483 1083 coelo
505 1046 634 1097 prope
656 1043 872 1093 immixtae,
918 1042 1027 1083 tecta
1068 1041 1262 1082 informia
1297 1041 1482 1095 imposita

159 1100 344 1155 rupibus,
376 1116 523 1156 pecora
540 1103 813 1158 jumentaque
836 1101 987 1141 torrida
1007 1103 1068 1156 (4)
1090 1100 1260 1155 frigore,
1290 1098 1481 1140 homines

160 1159 304 1199 intonsi
323 1162 361 1201 &
381 1160 540 1210 inculti,
573 1161 763 1200 animalia
786 1160 1048 1213 inanimaque
1067 1162 1130 1214 (5)
1147 1158 1286 1198 omnia
1309 1158 1482 1213 rigentia

160 1218 271 1273 gelu,
302 1227 434 1258 cetera
457 1218 558 1268 visu,
592 1219 715 1272 quam
740 1217 855 1258 diGsu
878 1220 957 1271 (ὁ),
977 1218 1168 1266 foediora,
1205 1227 1403 1256 terrorem
1420 1230 1485 1256 re-

161 1287 376 1316 novarunt.
437 1280 459 1329 ss
478 1277 739 1332 Erigentibus
762 1277 801 1315 in
825 1277 979 1330 primos
995 1289 1141 1331 agmen
1161 1275 1286 1315 clivos
1309 1288 1484 1328 apparu-

158 1345 279 1374 erunt
303 1334 564 1375 imminentes
597 1335 778 1374 tumulos
796 1339 817 1387 ss
836 1335 1052 1374 insidentes
1075 1333 1287 1373 montani:
1334 1333 1421 1386 qui,
1454 1332 1480 1372 si

98 1397 102 1399 ’
159 1394 284 1433 valles
302 1394 547 1433 occultiores
569 1393 812 1441 insedissent,
846 1393 975 1432 coorti
999 1393 1040 1432 in
1084 1405 1264 1447 pugnam
1298 1389 1481 1445 repente,

160 1451 370 1506 ingentem
412 1451 553 1506 fugam
589 1451 847 1506 stragemque
871 1453 931 1505 (7)
965 1450 1173 1490 dediss‘ent.
1269 1448 1481 1489 Hannibal

160 1509 372 1549 consistere
397 1509 503 1564 signa
520 1509 668 1565 jubet;
694 1509 905 1562 Gallisque
924 1511 986 1563 (8)
1009 1509 1058 1548 ad
1082 1507 1244 1548 visenda
1266 1508 1354 1548 loca
1377 1521 1482 1562 prae-

158 1567 297 1617 missis,
329 1568 545 1622 postquam
581 1568 796 1622 comperit,
845 1568 1056 1607 transitum
1112 1567 1159 1606 ea
1192 1580 1274 1605 non
1298 1569 1362 1620 (9)
1384 1566 1480 1616 ess‘e,

158 1626 285 1667 castra
308 1626 412 1666 inter
435 1626 674 1681 confragosa
695 1625 833 1666 onmia
855 1635 1160 1680 praeruptaque,
1192 1622 1316 1677 quam
1337 1633 1481 1663 exten-

158 1684 409 1740 tissimaffio)
427 1685 556 1739 potest
580 1686 699 1734 valle,
730 1686 850 1724 locat.
911 1685 1023 1724 Tum
1042 1699 1114 1738 per
1131 1682 1294 1722 eosdem
1316 1681 1479 1731 Gallos,

158 1742 267 1783 haud
289 1742 379 1783 sane
399 1745 578 1784 multum
601 1744 740 1797 lingua
763 1742 1025 1796 moribusque
1049 1742 1329 1789 abhorrentes,
1347 1754 1479 1794 quum

158 1801 196 1842 se
220 1801 527 1842 immiscuissent
541 1803 756 1855 colloquiis
780 1813 1090 1851 montanorum,
1113 1799 1285 1840 edoehxs
1300 1799 1480 1838 interdiu

158 1862 321 1900 tantum
340 1860 509 1900 obsideri
531 1860 694 1910 saltum,
728 1860 849 1899 no&e
874 1860 914 1899 in
940 1859 1007 1899 sua
1031 1871 1238 1913 quemque
1253 1857 1376 1897 dilabi
1395 1869 1480 1897 tec·

158 1929 198 1958 ta
221 1935 233 1967 3
253 1919 342 1959 luce
366 1918 498 1973 prima
521 1918 640 1959 subiit
658 1920 855 1966 tumulos,
876 1928 919 1957 ut
937 1932 984 1957 ex
1001 1927 1140 1971 aperto
1155 1930 1276 1969 atque
1300 1915 1479 1954 interdiu

158 1977 239 2017 vim
262 1991 334 2032 per
350 1977 554 2033 angustias
575 1976 776 2018 faeturus.
841 1976 921 2017 Die
941 1977 1088 2016 deinde
1110 1974 1336 2015 simulando
1351 1974 1479 2041 aliud,

1348 2045 1477 2085 quam

206 2154 316 2192 C.32.
340 2152 397 2193 (1)
421 2151 562 2185 Nemine
575 2151 933 2196 negotiumfaceffente.
979 2150 1077 2182 Livio
1100 2149 1255 2181 sollennia
1279 2149 1322 2180 est
1339 2148 1394 2179 illa
1414 2149 1482 2180 for-

158 2198 244 2230 mula
264 2211 320 2228 cum
330 2198 399 2228 bom?
415 2207 482 2239 pace
515 2199 613 2240 supra
631 2200 650 2229 l.
672 2209 738 2230 1.c.
755 2209 808 2236 24.
824 2198 886 2229 hoc
904 2197 993 2228 lib.c.
1010 2206 1065 2234 24.
1084 2195 1168 2226 infra
1182 2195 1204 2225 l.
1218 2195 1266 2226 28.
1280 2206 1309 2225 c.
1322 2204 1362 2232 32
1376 2194 1407 2224 ὃ(
1424 2203 1480 2233 37.

159 2243 314 2274 Similiter
325 2257 385 2274 cum
397 2245 465 2274 [ιοηᾶ
479 2245 492 2284 2
505 2244 600 2274 veniri.
626 2245 683 2285 (2)
697 2247 785 2286 Alpes
802 2246 948 2274 Gallorum
973 2242 1005 2273 h.
1020 2252 1046 2273 e·
1071 2251 1151 2281 quas
1171 2240 1255 2271 Galli
1271 2239 1479 2270 obtinebant.

159 2288 209 2321 sic
225 2289 327 2330 Alpes
346 2290 455 2326 Cottiae,
471 2291 660 2326 Dalmatiae,
673 2291 808 2326 Rheticae,
830 2289 896 2319 ὅτε.
943 2291 990 2318 At
1008 2288 1074 2317 duo
1088 2284 1215 2316 codices
1226 2284 1337 2326 scripti
1355 2284 1479 2316 habent

159 2337 200 2366 ad
223 2335 316 2376 Alpes
346 2347 407 2365 cum
437 2335 508 2364 homi
532 2342 604 2376 pace
645 2337 816 2365 incolentium
843 2347 876 2365 ea
907 2335 966 2363 loca
1001 2333 1165 2366 Gallorum,
1196 2330 1226 2360 h.
1253 2340 1279 2361 e.
1314 2328 1396 2360 nihil
1428 2338 1480 2360 tu-

159 2378 284 2411 multfis
308 2390 367 2410 nec
396 2378 549 2411 molestiae
577 2387 731 2422 expertus
754 2391 773 2410 a
802 2378 932 2410 Gallis:
977 2385 1012 2408 ut
1034 2385 1104 2418 pace
1120 2375 1180 2411 tufi,
1210 2377 1307 2406 horum
1325 2375 1385 2405 &a
1407 2375 1479 2416 pas-

161 2424 232 2456 sim.
279 2426 319 2455 Et
335 2424 524 2456 Crevierius
538 2425 682 2465 quidem,
706 2423 796 2456 nulli
814 2424 900 2455 faeta*
926 2422 1051 2454 ordinis
1076 2421 1256 2451 verborum
1285 2420 1480 2457 mutatione,

159 2470 223 2501 hoc
239 2470 329 2501 seusu
349 2470 458 2501 locum
472 2470 725 2512 interpretatur.
762 2468 927 2510 Ejusmodi
944 2475 1053 2499 autem
1071 2466 1235 2510 synchysis
1253 2465 1352 2497 Livio
1372 2465 1479 2507 indig-

159 2526 210 2546 na.
226 2517 262 2546 E.
272 2516 328 2557 (3)
342 2517 428 2547 Ante
440 2515 552 2546 animo
564 2523 672 2557 capta,
683 2514 888 2557 praecognita.
899 2514 956 2554 (4)
967 2513 1016 2543 sic
1029 2511 1115 2542 infra
1127 2522 1155 2544 c.
1165 2520 1220 2549 40.
1235 2512 1355 2542 membra
1366 2514 1479 2542 torrida

154 2563 231 2603 gelu.
278 2560 433 2592 similiter
450 2575 531 2592 urere
548 2562 681 2603 ejusque
698 2559 877 2601 composita
908 2561 947 2589 de
973 2558 1095 2600 frigore
1127 2556 1239 2598 passim
1264 2557 1479 2597 usurpantur.

159 2606 248 2637 infra
265 2606 284 2636 l.
298 2616 350 2643 40.
362 2618 388 2638 c.
403 2617 457 2645 45.
506 2607 560 2647 (5)
588 2609 731 2638 Inum'mus
747 2605 835 2636 insti)⁴
853 2605 871 2635 l.
890 2615 942 2641 41.
954 2615 983 2635 c.
1006 2604 1058 2635 18.
1072 2604 1181 2644 satiati
1202 2604 1270 2633 caede
1284 2605 1481 2639 animantium,

158 2664 219 2694 qua
235 2655 361 2682 inanima
378 2656 643 2694 erant‚parietihus
660 2653 792 2694 affigunt.
824 2652 880 2691 (ό)
899 2651 928 2680 lx.
945 2661 969 2680 e.
983 2652 1083 2690 quam
1094 2647 1179 2679 fama
1194 2655 1426 2689 praeceperant.
1441 2649 1482 2677 E.

160 2697 218 2737 (7)
236 2699 318 2728 Dare
335 2699 463 2740 stragem
488 2697 586 2738 supra]
612 2698 631 2728 l.
656 2709 688 2735 4.
706 2708 735 2728 c.
756 2696 851 2736 30.&
868 2705 918 2735 33.
936 2695 956 2725 l·
979 2703 1005 2733 7,
1019 2705 1045 2725 c.
1065 2703 1119 2733 23.
1171 2693 1227 2734 (8)
1244 2694 1373 2734 Nempe
1397 2692 1482 2734 lega-2

162 2741 203 2773 tis
223 2743 389 2783 Bojorum,
406 2742 505 2784 quise
519 2743 616 2784 hujus
631 2742 758 2774 itineris
770 2743 870 2773 duces
883 2744 1013 2772 futuros
1025 2738 1157 2781 pl'ofeffi
1171 2741 1301 2770 fuerant
1337 2738 1394 2778 (9)
1406 2737 1441 2768 h.
1456 2747 1483 2767 e.

162 2786 199 2818 ci
227 2787 363 2820 transire
387 2796 458 2821 non
481 2788 581 2831 posse,
606 2796 745 2831 propter
763 2787 876 2821 Gallos
902 2785 1141 2830 prohibituros.
1183 2784 1262 2829 (10)
1286 2782 1354 2814 Alii
1386 2782 1482 2818 male.

1287 2826 1477 2872 entmsffmfi.

1655 236 1710 283 37

1504 737 1660 769 Hannibal

1501 784 1604 815 transit
1615 785 1703 827 Alps

1593 935 1619 984 ,Γ
