1834 3099
411 147 644 199 LIBER
688 140 828 198 XXV.
893 151 1060 197 cAP.
1108 144 1228 198 vm.

162 271 238 314 -sibi
276 274 328 314 ad
367 273 524 315 obfides
556 274 803 315 Tarentinos
835 272 1002 313 invenit.
1064 268 1409 312 Custodiebantu'f
1441 264 1482 311 in

166 332 270 373 atrio
291 331 511 373 Libertatis
533 334 690 373 minore
712 333 826 384 cura,
858 333 953 386 quia
975 345 1050 371 nec
1073 330 1181 384 ipsis,
1213 345 1287 370 nec
1330 330 1482 370 civitati

163 404 310 430 eorum
328 390 468 431 fallere
492 392 704 432 Romanos
725 390 978 445 expediebat.
1040 389 1147 438 Hos,
1179 388 1331 428 crebris
1357 390 1485 428 collo-

161 449 274 503 quiis
296 448 546 502 sollicitatos,
579 450 781 504 corruptis
812 453 902 503 (ιο)
943 447 1105 488 :edituis
1146 447 1322 494 duobus,
1354 461 1483 500 quum

162 507 309 561 -primis
327 509 503 550 tenebris
526 509 706 549 custoditi
727 508 938 557 eduxiffet‚
970 506 1052 560 ipse
1074 519 1212 546 comes
1241 505 1393 545 occulti
1420 505 1485 544 iti-

165 566 275 606 neris
304 565 440 607 faetus
477 568 673 622 profugit.
735 567 848 607 Luce
878 566 1006 619 prima
1043 565 1206 618 vulgata
1237 578 1309 618 per
1342 562 1485 603 urbem

161 623 265 678 -fuga
282 624 339 664 est
361 641 370 666 2
402 626 601 680 miffique,
634 625 704 680 qui
728 625 1006 679 sequerentur,
1039 622 1089 662 ab
1125 621 1350 662 Tarracina
1372 635 1486 661 com-

163 682 384 736 prehensos
423 698 566 724 omnes
602 694 872 725 retraxerunt.
916 686 1007 737 (11)
1044 680 1212 721 deduffi
1233 681 1273 719 in
1298 679 1484 730 comitio,

164 741 382 796 virgisque,
413 743 662 797 approbante
684 743 851 797 populo,
884 741 970 781 caefi
999 741 1049 779 de
1081 740 1175 779 saxo
1216 738 1479 794 dejiciuntur.

226 800 341 840 VIII.
375 801 514 856 Hujus
535 802 729 841 atrocitas
751 815 886 854 poenae
916 801 1091 839 duarum
1124 801 1186 853 (¹)
1219 797 1482 837 nobiliffima-

164 871 256 898 rum
275 859 315 897 in
334 859 449 898 Italia
468 860 707 900 Graecarum
728 860 954 899 civitatium
969 858 1128 897 animos
1146 856 1331 906 irritavit,
1353 865 1483 910 quum

164 915 344 969 publice,
376 928 465 958 tum
506 919 630 958 etiam
672 917 848 974 tinguios
889 916 1097 971 privatim,
1131 927 1175 955 ut
1207 914 1377 969 quisque
1399 924 1483 954 tam

163 974 274 1015 foede
297 976 564 1031 interemptos
586 987 655 1017 aut
677 976 997 1032 propinquitate,
1030 984 1099 1014 aut
1125 973 1302 1014 amicitia
1323 973 1485 1013 contin·

159 1033 293 1088 gebat.
359 1036 417 1075 Ex
440 1036 487 1076 iis
505 1039 567 1091 (2)
585 1036 782 1076 tredecim
805 1035 888 1075 fere
906 1033 1249 1089 nobilesjuvenes
1264 1032 1481 1072 Tarentini

162 1094 499 1148 conjuraverunt,
532 1108 708 1148 quorum
751 1093 955 1149 principes
988 1093 1097 1132 Nico
1138 1094 1175 1132 δι
1216 1090 1481 1131 Philemenus
1502 1097 1656 1128 Tar-mmm

163 1162 292 1192 erant.
353 1152 430 1203 Hi,
463 1152 593 1207 prius,
626 1152 750 1207 quam
785 1153 938 1206 aliquid
977 1159 1205 1201 moverent,
1247 1150 1484 1203 colloquen-
1500 1144 1663 1174 Hffl'fl'bd‘i

161 1210 261 1250 dum
298 1225 394 1251 cum
434 1212 668 1252 Hannibale
707 1211 798 1261 rati,
830 1210 954 1251 nocie
975 1224 1048 1265 per
1089 1208 1265 1263 speciem
1305 1208 1481 1248 venandi

164 1269 307 1309 urbem
336 1276 360 1323 †
389 1270 544 1326 egreffi,
577 1271 626 1310 ad
649 1285 744 1310 eum
766 1269 1094 1325 proficiscuntur.
1133 1269 1188 1316 δε,
1220 1281 1349 1320 quum
1371 1265 1482 1307 haud

162 1329 306 1380 procul
341 1329 480 1369 castris
510 1329 700 1378 abeffent,
733 1328 856 1369 ceteri
879 1328 969 1368 [ilva
1006 1340 1132 1381 prope
1173 1325 1280 1366 viam
1304 1324 1383 1365 sese
1415 1338 1485 1365 oc-

161 1387 405 1427 culuerunt:
436 1387 546 1428 Nico
577 1390 617 1429 &
655 1388 936 1437 Philemenus,
969 1384 1160 1441 progressi
1201 1385 1252 1424 ad
1287 1383 1480 1425 stationes

160 1445 538 1500 comprehensique,
571 1447 679 1486 ultro
711 1446 752 1486 id
775 1453 974 1500 petentes,
1008 1445 1058 1483 ad
1097 1441 1374 1483 Hannibalem
1406 1442 1478 1481 de-

160 1503 278 1544 ducti
301 1503 407 1545 sunt.
468 1504 556 1563 Qi
597 1519 726 1558 quum
752 1507 792 1545 ἃ
823 1503 962 1544 causas
997 1501 1150 1543 confilii
1186 1501 1263 1552 sui,
1297 1501 1335 1540 &
1377 1500 1478 1554 quid

159 1573 363 1616 pararent,
394 1563 691 1618 exposuifl'ent3
724 1562 959 1613 collaudati,
991 1561 1230 1614 oneratique
1264 1558 1479 1614 promissis,

154 1621 368 1676 jubentur,
401 1625 465 1677 (3)
501 1632 546 1662 ut
574 1621 699 1662 fidem
736 1620 1003 1677 popularibus
1037 1618 1236 1670 facerent,
1269 1617 1480 1673 praedandi

156 1679 275 1720 causa
312 1680 350 1722 se
387 1682 487 1722 urbe
527 1681 714 1736 egressos,
746 1695 894 1736 pecora
936 1677 1354 1734 Karthaginiensium,
1387 1691 1480 1730 quae

160 1739 318 1793 pastum
353 1740 541 1796 propulsa
570 1740 708 1789 efl'ent,
748 1741 797 1780 ad
836 1739 978 1779 urbem
1021 1751 1152 1793 agere.
1186 1735 1278 1776 tuto
1315 1750 1361 1776 ae
1399 1735 1480 1775 sine

159 1799 382 1839 certamine
419 1799 458 1840 id
491 1799 691 1848 faeturos,
724 1798 960 1853 promiffum
993 1796 1064 1837 est.
1126 1801 1152 1849 †
1182 1793 1412 1849 Conspecta
1434 1807 1481 1833 ea

160 1858 296 1911 praeda
313 1859 515 1914 juvenum
538 1858 595 1898 est
616 1873 625 1898 :
657 1855 889 1911 minusque,
923 1857 1072 1896 iterum
1093 1869 1139 1894 ac
1171 1853 1316 1908 saepius
1349 1853 1388 1893 id
1411 1866 1482 1892 eos

160 1916 328 1967 audere,
361 1917 559 1958 miraculo
582 1917 675 1957 fuit.
737 1915 945 1969 Congressi
968 1928 1063 1955 cum
1078 1913 1312 1953 Hannibale
1329 1911 1482 1960 rursus,

161 1973 242 2014 fide
281 1974 513 2026 sanxerunt,
547 1976 694 2017 liberos
733 1974 1124 2027 Tarentinosieges
1152 1971 1301 2024 suaque
1342 1969 1482 2009 omnia

159 2032 389 2086 habituros,
421 2048 555 2090 neque
585 2035 716 2075 ullum
738 2033 916 2090 vectigal
951 2033 1084 2073 Poeno
1106 2028 1483 2127 pensuros,dpraefi-

1345 2100 1481 2127 rumve

163 2229 304 2270 Scmsccre
319 2229 419 2269 r'gItur‘
432 2229 580 2258 civitatem
597 2229 652 2258 otio
669 2232 764 2258 ratus.
791 2223 878 2256 infra}
895 2223 917 2255 l.
937 2233 991 2264 35.
1011 2234 1040 2255 c.
1062 2233 1116 2262 25.
1141 2235 1173 2252 ne
1199 2221 1349 2251 eumundo
1363 2219 1484 2269 stneflf-

163 2282 225 2306 rent
253 2276 375 2315 confilia.
403 2272 434 2303 δε
461 2271 540 2303 alibi
569 2272 659 2314 [πρε.
715 2271 793 2313 (10)
817 2272 853 2301 In
871 2280 1014 2311 quorum
1032 2278 1150 2309 nempe
1168 2265 1246 2298 cura
1275 2265 1307 2295 «Sc
1338 2263 1484 2297 custodia

163 2320 326 2361 tempium
340 2318 520 2350 Libertatis
538 2326 623 2349 crat.
649 2317 758 2348 Infra!
784 2326 838 2355 30.
863 2327 888 2347 c.
920 2324 969 2352 17.
994 2317 1037 2345 uti
1055 2315 1173 2345 AEda'tui
1189 2312 1370 2353 aedessaeras
1392 2322 1483 2340 omnes

159 2367 218 2398 tota
233 2366 300 2396 urbe
327 2372 486 2407 apertrent.
533 2365 611 2405 (ιι)
638 2363 830 2405 Legendum
853 2361 987 2392 videtur
1016 2362 1137 2397 redum,
1157 2358 1302 2401 'virgffqm'
1319 2359 1349 2388 in
1374 2357 1484 2395 comitio

159 2414 333 2455 apprvsante
338 2412 442 2454 populo
454 2410 525 2452 caſs.
539 2409 590 2440 vel
604 2424 611 2443 ς
628 2411 735 2441 dala&
746 2411 775 2439 in
791 2410 944 2439 comitium.

181 2542 184 2545 ,
209 2517 235 2546 C
274 2514 308 2547 8.
357 2512 414 2554 (1)
438 2513 567 2553 Nempe
598 2509 872 2546 Tarentinorum,
895 2508 938 2540 de
968 2515 1112 2549 quorum
1138 2502 1325 2537 defectione
1348 2500 1482 2544 agitur:

161 2561 404 2598 Thurinorum,
427 2560 467 2590 de
482 2558 605 2599 quibus
621 2555 708 2588 infra
727 2566 757 2587 c.
782 2564 831 2594 15.
877 2554 933 2596 (2)
957 2555 1005 2585 Ex
1033 2561 1150 2583 eorum
1178 2559 1329 2586 numero,
1352 2546 1409 2589 qui
1426 2546 1486 2578 ob·

163 2606 268 2645 sadum
284 2605 563 2648 interemptorum
590 2600 773 2645 propinqui
789 2600 843 2634 vel
859 2599 955 2632 amici
972 2606 1078 2632 erant.
1124 2596 1180 2639 (3)
1203 2592 1485 2684 Utpffffliigle'gz

1495 1191 1649 1233 proditum.
