1834 3099
404 179 644 223 LIBER
698 177 861 219 XXVI.
894 176 1035 218 CAP.
1069 176 1168 219 XV.

197 298 295 339 XV.
328 298 394 339 De
416 297 612 353 supplicio
635 294 835 350 Campani
858 293 1019 336 senatus
1046 294 1368 349 haudquaquam
1388 298 1451 339 in·

137 366 200 397 ter
215 357 404 398 Fulvium
424 357 727 410 Claudiumque
749 353 1030 395 conveniebat.
1062 354 1208 395 Facilis
1230 355 1454 409 impetran-

138 416 202 456 dae
230 416 357 457 veniae
390 416 602 466 Claudius,
633 413 777 455 Fulvio
814 412 954 452 durior
985 412 1183 453 sententia
1210 423 1309 455 erat.
1370 416 1453 458 Ita-

137 489 217 527 que
242 475 403 529 Appius
422 475 600 515 Romam
622 473 670 513 ad
693 472 876 512 senatum
899 470 1112 512 arbitrium
1129 472 1217 528 ejus
1238 472 1296 512 rei
1317 481 1453 515 totum

137 533 346 588 rejiciebat
369 536 456 587 (1):
488 531 784 587 perennetandi
815 529 939 570 etiam
970 543 1136 584 aequum
1169 531 1244 571 effe
1280 533 1454 585 potesta-

137 601 222 631 tem
264 591 353 632 fieri
374 592 580 639 Patribus,
612 604 713 630 num
755 589 1120 630 communicassent
1156 589 1318 630 confilia
1355 605 1453 633 cum

139 650 342 703 aliquibus
364 650 566 691 sociorum
588 648 725 689 Latini
747 647 926 688 nominis
944 649 1007 704 (2)
1029 647 1349 703 municipiorum
1367 665 1376 690 :
1409 652 1452 692 &

138 721 240 748 num
263 723 339 764 ope
375 723 519 750 eorum
550 709 591 748 in
621 707 729 748 bello
751 706 889 747 forent
921 709 984 758 [δε
1007 706 1353 762 municipiorum]
1383 709 1454 749 ad-

135 767 230 822 jutit
284 768 335 808 Id
348 767 437 808 verb
460 765 614 807 minime}
635 765 936 806 committendmn
952 766 1101 822 ejffi’ss),
1118 765 1286 807 Fulvius
1301 767 1453 818 dicere,

139 834 183 865 ut
211 825 509 884 sbllicitarentur
528 826 752 866 criminibus
781 825 902 865 dubiis
909 824 1092 880 fhciorum
1107 824 1285 879 fidelium
1304 827 1424 866 animi
1439 845 1453 870 .-

144 885 197 926 ἐῢ*
225 886 505 940 subjicerentur
536 885 800 938 indicibus,(4)
831 885 948 938 queis,
980 899 1093 938 neque
1137 883 1230 938 quid
1256 884 1455 940 fizcerent,

139 958 254 997 neque
294 944 389 998 quid
415 945 594 996 dicerent,
626 945 823 998 quicquam
845 958 1008 997 unquam
1034 942 1138 998 petfi
1151 943 1224 998 fici
1252 952 1297 983 et.
1331 946 1457 998 itaque

1617 183 1669 226 23

128 1001 179 1059 fi
199 1017 279 1042 eam
301 1002 524 1059 quastionem
555 1003 810 1058 opprqffurum
858 1001 1212 1057 efflimqurumque.
1276 1002 1342 1042 Ab
1376 1002 1455 1044 hoc
1477 998 1624 1030 Senatores

135 1059 323 1101 sermone
356 1076 486 1115 quum
519 1061 677 1116 digressi
700 1060 839 1110 ess'ent,
873 1061 914 1100 ἃ
935 1059 1110 1114 Appius,
1142 1060 1328 1114 quamvis
1350 1060 1459 1103 fero-

138 1191 204 1218 ras
226 1177 346 1233 super
375 1179 486 1219 tanta
519 1193 562 1219 re
584 1178 634 1220 ab
666 1178 805 1219 Roma
827 1177 1173 1232 expe8aturum3
1203 1178 1373 1220 Fulvius
1406 1193 1457 1220 ne

138 1235 181 1276 id
203 1236 336 1291 ipsum
367 1237 711 1292 impedimentum
743 1237 908 1292 incepto
941 1236 1086 1288 foret‚1i
1123 1236 1334 1278 dimittens
1354 1252 1459 1292 prae-

137 1294 307 1346 torium,
329 1296 502 1336 tribunis
534 1296 711 1336 militum
744 1310 790 1336 ac
820 1295 1028 1350 praefectis
1049 1294 1206 1337 socium
1228 1296 1459 1351 imperavit,

138 1354 200 1394 uti
228 1353 389 1395 duobus
426 1355 605 1396 millibus
636 1354 824 1409 equitum
861 1354 1033 1396 delectis
1064 1354 1379 1406 denunciarent,
1412 1368 1458 1397 ut

137 1412 371 1453 ad‘tertiarn
397 1417 458 1468 (5)
491 1413 708 1455 buccinam
731 1412 879 1468 praesto
907 1413 1047 1453 effent.
1110 1413 1218 1454 Cum
1239 1413 1320 1454 hoc
1341 1415 1459 1469 equi-

137 1471 386 1512 tatu'noeoe
423 1473 615 1512 Teanum
647 1471 876 1526 profectus,
911 1472 1042 1526 prima
1078 1472 1171 1512 luce
1203 1481 1363 1526 portam
1396 1474 1459 1513 in-

137 1530 272 1579 travit,
300 1540 423 1585 atque
446 1531 487 1571 in
511 1530 647 1571 forum
670 1530 848 1585 perrexit
867 1546 875 1571 :
897 1529 1182 1584 concursuque
1193 1532 1255 1571 'ad
1276 1531 1458 1586 primum

137 1589 324 1643 equitum
359 1590 578 1646 ingreffum
612 1589 742 1639 facto,
773 1589 1056 1645 magistratum
1077 1589 1309 1640 Sidicinum
1342 1590 1458 1632 citari

132 1647 260 1703 juffit,
294 1648 608 1704 imperavitque,
642 1658 687 1688 ut
708 1649 958 1704 produceret
990 1649 1242 1703 Campanos,
1274 1663 1378 1703 quos
1414 1651 1458 1691 in

138 1706 321 1748 custodia
352 1707 533 1749 haberet.
607 1707 809 1749 Producti
839 1721 999 1757 omnes,
1030 1707 1235 1764 virgisque
1270 1709 1377 1760 caesi,
1410 1724 1456 1750 ac

138 1764 268 1806 securi
301 1768 486 1821 percussi.
563 1767 664 1807 Inde
699 1767 823 1808 citato
845 1781 952 1821 equo
984 1765 1103 1808 Cales
1125 1768 1354 1822 percurrit:
1387 1767 1457 1809 ubi

139 1839 268 1878 quum
290 1825 331 1865 in
353 1826 546 1867 tribunali
568 1825 821 1876 consedisset,
854 1824 1129 1880 produCfique
1156 1825 1360 1880 Campani
1386 1828 1458 1868 de-

137 1883 363 1938 ligarentur
397 1887 447 1926 ad
469 1886 625 1940 palum,
657 1900 783 1940 eques
815 1885 921 1926 citus
958 1883 1007 1924 ab
1034 1884 1172 1925 Roma
1206 1885 1335 1936 venit,
1366 1885 1458 1926 lite-

138 1942 283 1996 rasque
329 1958 351 1983 a
382 1943 429 1984 C.
461 1944 687 1998 Calpurnio
725 1954 899 1999 praetore
931 1944 1078 1984 Fulvio
1111 1946 1150 1985 &
1198 1942 1458 1986 senatuscon-

139 2000 291 2041 sultum
313 2002 492 2045 tradidit.
535 2017 724 2042 murmur
746 2002 796 2044 ab
818 2001 1013 2043 tribunali
1051 2011 1180 2042 totam
1213 2002 1458 2045 concionem

137 2059 324 2114 pervafit,
357 2061 512 2104 differri
545 2075 632 2102 rem
656 2062 859 2117 integram
893 2061 945 2101 ad
975 2060 1118 2102 Patres
1139 2061 1190 2101 de
1223 2061 1459 2115 Campanis.

1230 2121 1270 2161 ἃ
1293 2119 1464 2165 Fulvius

188 2237 228 2268 C.
267 2245 315 2276 15.
340 2235 397 2277 (ι)
436 2237 567 2268 Auctor
595 2244 665 2269 erat
704 2237 900 2279 rejiciendi;
947 2236 1163 2279 rejiciendum
1190 2239 1352 2272 censebat.
1384 2241 1460 2273 Fre-

141 2293 246 2323 quens
279 2282 332 2313 hic
358 2281 516 2323 temporis
534 2283 721 2325 imperfecti
740 2283 825 2315 usus.
874 2283 931 2324 (z)
954 2284 1041 2325 Lege
1055 2285 1200 2325 fitiorum
1211 2286 1318 2316 Latini
1340 2289 1458 2319 nominis

143 2330 174 2358 δι
193 2330 418 2370 municipiorum.
468 2327 652 2370 Siquidem:
669 2328 690 2360 ii
707 2328 766 2370 qui
791 2339 830 2360 ex
853 2328 1041 2371 municipiis
1067 2337 1174 2368 erant,
1196 2339 1265 2362 non
1296 2331 1374 2364 socii
1392 2334 1459 2364 Ro-

142 2384 319 2405 manorum
336 2375 440 2410 fuere,
463 2373 517 2405 sed
533 2375 620 2406 cives
637 2374 793 2406 Romani.
852 2376 939 2405 Mox
955 2385 1052 2406 voces
1074 2376 1112 2406 &J
1128 2379 1359 2418 municipiorum,
1381 2386 1459 2411 ante

145 2433 179 2450 »ro
202 2422 304 2462 αιζῑιιιὶ,
327 2418 461 2460 prorsus
477 2420 634 2451 deiendae.
681 2421 739 2461 (3)
755 2421 832 2451 Non
857 2422 897 2451 eo
914 2431 983 2451 rem
998 2420 1227 2452 adducendam
1243 2422 1313 2454 effe.
1377 2424 1456 2456 Vid-

143 2466 164 2505 †
175 2468 343 2497 committere
358 2478 419 2496 cur.
467 2466 524 2507 (4)
543 2465 611 2509 Qi
624 2475 795 2507 nunquam
812 2464 1069 2510 perpendiffent,
1084 2477 1192 2507 neque
1205 2467 1285 2509 quid
1302 2471 1460 2508 facerent,

145 2521 254 2552 neque
271 2510 352 2553 quid
365 2509 528 2542 dicerent.
576 2514 664 2543 infra
683 2511 702 2542 Ι.
721 2522 773 2549 42.
791 2523 818 2543 c.
840 2521 892 2552 23.
918 2513 957 2542 Id
970 2511 1034 2549 illi,
1054 2515 1099 2543 cui
1117 2514 1192 2544 nihil
1209 2516 1287 2558 penfi
1298 2515 1460 2560 ſst‚facile

143 2556 205 2599 ff.
232 2556 255 2588 l.
271 2566 330 2596 43.'
345 2567 372 2589 c.
388 2566 420 2596 7.
437 2557 535 2598 qia-'bus
552 2559 626 2588 nihil
647 2570 732 2601 neque
755 2560 844 2589 dicere
860 2558 950 2602 pass,
972 2570 1056 2600 neque
1068 2559 1181 2599 facere.
1238 2561 1313 2593 Sall.
1330 2562 1365 2594 in
1383 2564 1460 2598 Cat,

147 2613 176 2633 c·
202 2612 235 2641 5.
256 2615 339 2644 neque
362 2605 401 2640 id,
421 2605 520 2644 quihus
538 2605 622 2634 modis
638 2605 835 2647 affequeretur,
856 2606 919 2634 dum
931 2605 996 2648 fibi
1022 2617 1136 2647 regnum
1153 2612 1291 2647 pararet,
1312 2611 1462 2651 quicquam

143 2649 222 2691 puy?
231 2648 360 2680 habebat.
382 2648 416 2679 &
432 2648 512 2681 alibi
527 2648 624 2692 saepe.
667 2649 726 2690 (5)
741 2649 798 2682 Ad
814 2649 947 2681 tertiam
964 2648 1124 2692 vigiliam.
1151 2650 1348 2694 Vigiliarum
1375 2656 1463 2688 enim

1337 2699 1464 2744 signum

1480 1045 1624 1086 Campani

139 1119 241 1159 citer
278 1121 534 1174 loquentem,
566 1121 785 1174 collegam,
818 1133 901 1159 non
935 1119 1156 1170 dubitaret,
1190 1130 1328 1160 tamen
1357 1091 1682 1174 :lite‘flfxaeercu-
