1840 3094
216 438 320 517 T.
386 437 676 518 LIVII
758 438 1360 555 PATAVINI

282 748 503 802 LIBER
543 748 952 804 VIGESIMUS
993 753 1287 810 PRIMUS.

125 1220 158 1265 Ῑ.
196 1224 277 1302 IN
318 1235 431 1281 parte
470 1226 605 1281 operis
637 1226 720 1267 mei
754 1226 851 1269 licet
883 1226 985 1267 mihi
1017 1227 1196 1282 praefari,
1242 1230 1354 1283 quod
1396 1231 1440 1271 in

268 1285 469 1339 principio
500 1286 668 1326 summae
694 1286 820 1326 totius
841 1285 1004 1340 professi
1038 1288 1221 1341 plerique
1246 1290 1311 1342 (1)
1346 1288 1440 1330 sunt

127 1357 265 1384 rerum
288 1343 518 1398 scriptores,
548 1344 703 1384 bellum
724 1344 903 1384 maxime
938 1346 1127 1385 omnium
1159 1346 1440 1397 memorabile,

128 1417 220 1456 quae
243 1416 426 1455 unquam
446 1402 557 1457 gesta
595 1403 687 1454 sint,
717 1416 784 1442 me
820 1401 1095 1456 scripturum3
1128 1404 1255 1457 quod,
1277 1404 1439 1445 Hanni·
1533 1455 1537 1460 .

126 1460 216 1501 bale
237 1462 357 1510 duce,
388 1459 748 1515 Karthaginienses
768 1473 864 1500 cum
880 1461 1034 1514 populo
1058 1461 1251 1502 Romano
1271 1463 1433 1518 gessere.
1457 1453 1664 1529 B‘Hssjssu'd‘i

124 1519 236 1559 Nam
257 1531 392 1572 neque
427 1518 642 1558 validiores
663 1518 810 1573 opibus
838 1519 931 1559 ullae
954 1518 1060 1559 inter
1076 1519 1114 1560 se
1135 1520 1318 1561 civitates
1338 1501 1561 1579 gen-{220¹-
1588 1513 1664 1544 mag-

123 1577 264 1631 tesque
297 1577 562 1618 contulerunt
602 1591 732 1628 arma,
782 1590 916 1631 neque
947 1576 1011 1618 his
1044 1577 1136 1631 ipsis
1167 1588 1328 1620 tanturn
1362 1595 1441 1621 un-

123 1649 250 1690 quam
272 1637 334 1690 (2)
363 1635 512 1676 virium
534 1646 604 1676 aut
625 1635 781 1676 roboris
804 1635 910 1675 fuit:
943 1637 984 1677 &
1007 1635 1119 1676 haud
1148 1636 1309 1693 ignotas
1343 1636 1441 1680 belli

124 1704 231 1735 artes
252 1695 358 1734 inter
396 1693 452 1745 se,
494 1694 561 1734 sed
594 1704 779 1748 expertas
813 1694 947 1748 primo
983 1692 1142 1735 Punico
1174 1696 1439 1738 conserebant

124 1752 246 1794 bello.
271 1755 309 1793 8<
328 1752 431 1792 adeo
453 1753 561 1793 varia
572 1752 668 1793 belli
690 1752 855 1793 fortuna
878 1752 1105 1806 ancepsque
1123 1753 1239 1796 Mars
1261 1755 1358 1806 fuit,
1375 1759 1440 1811 (3)

124 1809 395 1866 ut†propius
435 1812 664 1866 periculum
700 1810 869 1861 fuerint,
920 1811 991 1865 qui
1027 1812 1225 1853 vicerunt.
1319 1813 1440 1856 Odiis

121 1871 246 1910 etiam
287 1867 414 1924 prope
455 1869 679 1924 majoribus
711 1878 937 1920 certarunt,
969 1868 1095 1923 quam
1134 1870 1318 1917 viribus:
1350 1872 1441 1913 Ro-

120 1929 253 1969 manis
283 1928 606 1983 indignantibus,
652 1926 766 1982 quod
789 1927 1012 1968 vietoribus
1044 1928 1144 1969 vieti
1176 1935 1201 1984 †
1236 1931 1344 1970 ultro
1377 1931 1441 1971 in-

121 1986 275 2027 ferrent
295 2001 435 2036 arma·,
465 1987 624 2038 Poenis,
656 1985 768 2040 quod
791 1985 959 2041 superbe
994 1987 1194 2041 avareque
1226 1989 1438 2031 crederent

119 2045 398 2100 imperitatum
412 2047 476 2100 (4)
489 2045 608 2087 vietis
629 2046 720 2086 effe.
766 2045 892 2086 Fama
920 2045 1044 2085 etiam
1065 2044 1138 2096 est,
1159 2045 1439 2088 Hannibalem

120 2118 324 2144 annorum
365 2103 495 2143 ferme
549 2118 713 2153 novem,
762 2103 972 2158 pueriliter
1011 2103 1288 2145 blandientem
1332 2107 1438 2159 patri

124 2162 364 2211 Hamilcari,
389 2174 435 2202 ut
457 2162 675 2203 duceretur
708 2165 750 2201 in
779 2161 1040 2216 Hispaniam,
1071 2171 1218 2216 quum,
1248 2163 1437 2218 perfecto

122 2220 267 2261 Africo
305 2221 412 2261 bello
444 2223 522 2278 (5),
552 2220 780 2262 exercitum
817 2219 868 2261 eo
903 2217 1154 2277 trajecturus
1176 2221 1435 2272 sacrificaret,

1238 2280 1434 2323 altaribus

167 2416 206 2447 C.
232 2424 261 2446 1⁴
286 2414 344 2457 (x)
367 2417 406 2446 E.
432 2426 484 2458 gr.
506 2413 732 2458 Thucydides,
754 2414 810 2456 qui
828 2413 994 2456 principio
1010 2413 1118 2456 operis
1135 2413 1183 2446 sui
1199 2417 1255 2454 ai't,
1276 2415 1307 2448 se
1324 2415 1434 2459 spera-

119 2471 167 2498 re,
187 2460 312 2493 bellum
328 2460 373 2498 id,
387 2460 477 2502 quod
493 2460 634 2491 scribere
649 2460 843 2502 ingreditur,
857 2472 989 2499 μεγαντε
1002 2460 1110 2495 {arbai
1127 2474 1178 2491 και
1194 2463 1432 2501 ἀξιολογωτατον

119 2521 176 2538 των
193 2518 451 2550 προγεγενπμενων.
494 2506 552 2547 (2)
568 2504 711 2547 Respicit
727 2503 844 2536 Livius
859 2512 1011 2546 tempora
1025 2515 1099 2546 quae
1115 2505 1178 2536 hoc
1194 2505 1318 2538 bellurn
1339 2517 1432 2541 ante-

116 2551 298 2583 cefl'erant:
343 2561 451 2593 neque
467 2551 556 2583 enim
582 2550 769 2592 negandum
792 2549 959 2581 Romanos
977 2549 1053 2591 plus
1072 2549 1198 2592 pollere
1222 2551 1340 2593 postea.
1388 2553 1429 2586 E.

119 2598 176 2641 (3)
204 2595 380 2639 Propiores
405 2596 555 2639 periculo
579 2596 673 2628 fuere
699 2595 770 2637 post
787 2594 990 2626 Cannensem
1012 2595 1137 2627 cladem
1150 2596 1305 2635 Romani,
1327 2598 1429 2639 quarn

118 2650 215 2674 erant
249 2642 340 2673 Poeni
371 2642 442 2685 post
470 2652 615 2684 pugnam
642 2640 676 2672 in
702 2639 818 2672 Africa
842 2639 896 2672 cui
922 2640 1091 2672 Hannibal
1118 2641 1303 2674 succubuit.
1348 2644 1427 2675 Ideo

118 2688 236 2720 ceffere
251 2686 550 2730 KarthaginienseS,
569 2697 639 2718 non
663 2686 742 2728 quia
762 2685 1068 2727 majus'periculum
1088 2694 1178 2726 erat„
1201 2687 1257 2719 sed
1273 2687 1350 2729 quia
1366 2688 1426 2730 ipfi

117 2733 263 2765 minores
276 2732 404 2765 animos
419 2731 546 2775 geffere.
591 2732 671 2764 Vid.
697 2730 785 2763 infra
811 2731 837 2762 1.
864 2739 920 2764 22·
941 2741 972 2763 c·
995 2740 1050 2771 54.
1072 2731 1119 2764 ad
1137 2730 1246 2764 finem.
1292 2733 1349 2774 (4)
1364 2735 1428 2765 Im·

109 2781 241 2821 pm'tare
266 2778 365 2810 Livio
380 2779 533 2820 frequens
561 2777 617 2810 est.
647 2776 766 2819 Supra,
787 2775 808 2808 1.
827 2785 859 2808 1.
882 2786 910 2807 c.
935 2785 966 2813 2,
993 2785 1046 2815 17,
1069 2786 1123 2815 24.
1143 2776 1165 2809 l.
1189 2788 1219 2819 3.
1235 2787 1262 2809 c.
1275 2787 1326 2819 39.
1349 2778 1373 2810 1.
1392 2790 1425 2817 4.

112 2835 144 2856 c.
165 2832 201 2864 5.
259 2824 317 2869 (5)
355 2824 454 2869 Qod
485 2822 674 2856 Hamilcare
701 2819 792 2900 guce
815 2821 1103 2871 Karthaginienses
1125 2832 1205 2856 eum
1216 2825 1427 2902 mffiffis

752 2877 774 2900 2
1335 2882 1359 2890 ν’
1390 2880 1426 2902 uz
