1834 3099
87 1653 188 1694 legati
201 1652 288 1684 Kar·

83 1701 266 1741 tt'vtrgitiienfi’s

86 1747 205 1775 Romam
220 1759 269 1776 ¹2⁴3-

84 1794 176 1822 niunt.

842 191 895 233 Τ.
931 192 1154 237 L1V11

321 318 468 349 vexata
512 322 558 349 ac
589 309 853 363 (macerata
887 310 1014 352 classis
1049 310 1215 352 Carales
1236 316 1252 362 11
1277 312 1424 352 tenuit.
1455 310 1526 353 ubi
1555 313 1663 354 dum-

321 366 536 408 subductae
571 366 816 409 reficiuntur
846 384 985 420 naves,
1016 369 1149 410 hiems
1182 371 1399 425 oppressit:
1431 370 1660 413 circumac-

320 435 495 480 tumque
529 426 624 466 anni
660 437 840 482 tempus,
894 431 954 478 ἃ,
986 430 1100 468 nullo
1134 440 1380 484 prorogante
1417 429 1659 484 imperium,

320 485 504 540 privatus
523 486 592 526 Ti.
614 485 815 528 Claudius
843 488 1004 528 classem
1028 487 1209 528 Romam
1233 489 1411 530 reduxit.
1473 489 1539 530 M.
1562 489 1659 531 Ser-

319 543 453 588 vilius,
487 558 538 584 ne
556 545 819 586 comitiorum
843 560 967 587 causa
987 547 1038 587 ad
1056 546 1199 587 urbem
1216 557 1492 598 revocaretur,
1524 548 1657 589 dieta-

320 612 408 643 tore
440 603 555 645 dieto
578 605 631 646 C
663 604 838 646 Servilio
868 605 1069 657 Gemino,
1102 606 1144 646 in
1173 606 1427 661 provinciam
1463 605 1522 647 est
1560 620 1658 662 pro-

319 660 472 704 fectus.
532 662 730 705 Diaestator
758 664 997 721 magistrum
1019 665 1208 719 equitum
1238 665 1284 706 P.
1309 665 1471 706 AElium
1495 667 1656 707 Paetum

318 721 439 762 dixit.
501 721 620 777 Saepe
657 723 823 764 comitia
858 723 1015 764 indicta
1050 723 1194 778 perfici
1223 724 1484 780 tempestates
1515 724 1658 780 prohi-

317 779 512 822 buerunt.
546 781 704 836 itaque,
736 797 867 836 quum
899 782 1030 849 pridie
1064 784 1162 825 Idus
1184 783 1358 825 Martias
1380 794 1537 825 veteres
1567 797 1655 824 ma-

317 839 489 894 gistratu
523 840 691 881 abiffent
711 843 789 896 (2),
821 842 918 882 novi
951 840 1109 883 suffeffi
1146 856 1231 883 non
1252 842 1393 892 essent,
1424 841 1654 898 respublica

318 899 400 940 fine
434 899 646 940 curulibus
683 900 985 956 magistratibus
1017 904 1078 956 (3)
1097 911 1198 942 erat.
1261 901 1314 943 T.
1338 902 1524 942 Manlius
1545 901 1655 942 Tor-

317 967 467 1012 quatus
479 958 666 1013 pontifex
689 972 740 999 eo
760 974 869 1000 anno
889 969 1092 1000 mortuus.
1125 959 1166 999 in
1183 961 1324 1001 locum
1346 961 1435 1016 ejus
1457 959 1655 1001 suffectus

318 1017 365 1058 C⁴
391 1017 601 1071 Sulpicius
624 1017 772 1058 Galba.
841 1017 909 1058 Ab
931 1017 981 1059 L.
1006 1017 1169 1058 Licinio
1193 1019 1370 1059 Lucullo
1394 1022 1436 1061 δε
1469 1019 1526 1075 Ω.
1553 1019 1654 1060 Ful-

316 1077 383 1117 vio
418 1075 606 1118 aedilibus
639 1076 851 1118 curulibus
873 1077 960 1117 ludi
984 1076 1168 1118 Romani
1190 1087 1251 1118 ter
1281 1077 1358 1118 toti
1383 1082 1400 1128 1}
1427 1077 1653 1120 instaurati.

314 1135 541 1178 Pecuniam
576 1149 630 1177 ex
667 1136 811 1176 aerario
849 1135 988 1177 scribae
1031 1135 1288 1190 viatoresque
1338 1135 1496 1176 aedilitii
1544 1136 1653 1177 clam

312 1195 488 1251 egeffiffe
523 1209 595 1249 per
630 1194 810 1235 indicem
844 1195 1062 1251 comperti,
1095 1195 1279 1235 damnati
1314 1194 1423 1244 sunt,
1455 1209 1540 1236 non
1570 1194 1654 1236 sme

311 1254 484 1294 infamia
506 1253 671 1295 Luculli
688 1253 831 1295 aedilis.
893 1253 941 1296 P.
961 1253 1099 1295 AElius
1126 1254 1297 1296 Tubero
1319 1257 1358 1296 &
1378 1254 1428 1295 L.
1446 1254 1655 1306 Laetorius

311 1313 451 1354 aediles
471 1313 600 1367 plebis
622 1313 723 1355 vitio
742 1312 885 1364 creati,
918 1313 1157 1369 magistratu
1173 1313 1211 1354 se
1227 1312 1486 1366 abdicarunt,
1518 1326 1651 1368 quum

311 1372 431 1413 ludos
448 1373 725 1427 ludorumque
749 1373 871 1414 causa
887 1378 912 1426 †
927 1373 1098 1427 epulum
1119 1373 1213 1426 Jovi
1235 1372 1435 1424 fecissent,
1467 1374 1508 1415 δε
1536 1371 1652 1428 ,figna

311 1431 388 1472 tria
405 1446 455 1472 ex
481 1437 497 1483 Η
525 1431 780 1473 mulctaticio
797 1441 967 1487 argento
989 1430 1101 1472 faeta
1123 1432 1164 1471 in
1183 1431 1392 1487 Capitolio
1413 1430 1648 1485 posuiffent.

311 1490 500 1532 Cerealia
531 1493 594 1546 (4)
617 1492 736 1532 ludos
758 1490 939 1532 dietator
963 1493 1001 1532 &
1025 1490 1217 1548 magister
1245 1491 1435 1545 equitum
1463 1503 1514 1531 ex
1537 1488 1652 1531 sena-

311 1549 564 1591 tusconsulto
587 1549 792 1591 fecerunt.

370 1609 465 1650 XL.
498 1608 644 1665 Legati
661 1621 711 1649 ex
745 1608 893 1650 Africa
910 1608 1093 1650 Romani
1127 1609 1245 1650 simul
1266 1606 1651 1666 Karthaginienses-

312 1683 393 1723 que
422 1683 553 1723 quum
588 1668 785 1708 veniffent
816 1668 1014 1717 Romam,
1045 1668 1206 1710 senatus
1238 1669 1288 1708 ad
1310 1669 1443 1709 aedem
1465 1668 1651 1709 Bellonae

311 1727 476 1768 habitus
516 1727 588 1768 est.
622 1726 692 1768 ubi
734 1741 863 1781 quum
907 1727 956 1768 L.
995 1727 1198 1768 Veturius
1231 1726 1371 1777 Philo,
1414 1735 1648 1782 pugnatum

311 1801 407 1827 cum
425 1786 661 1827 Hannibale
682 1786 758 1827 effe
782 1786 968 1840 suprema
986 1788 1050 1840 (x)
1067 1785 1476 1841 Karthaginiensibus
1492 1798 1649 1841 pugna,

309 1846 522 1900 finemque
548 1847 715 1886 tandem
746 1844 911 1901 lugubri
940 1845 1050 1886 bello
1070 1845 1304 1899 impolitum
1328 1843 1485 1900 ingenti
1507 1843 1650 1884 laetitia

307 1904 481 1946 Patrum
503 1904 772 1960 exposuiffet3
805 1903 969 1960 adjecit,
999 1904 1245 1944 Verminam
1273 1903 1415 1955 etiam,
1445 1901 1648 1959 Syphacis

310 1963 460 2012 filium,
492 1979 585 2019 quae
607 1978 730 2018 parva
750 1962 854 2004 bene
877 1963 997 2017 gestae
1020 1962 1077 2004 rei
1100 1962 1268 2004 acceffio
1290 1965 1352 2017 (2)
1373 1971 1478 2011 erat,
1510 1960 1649 2002 devic-

312 2033 415 2063 tum.
439 2023 482 2063 in
517 2024 763 2065 concionem
802 2021 897 2062 inde
924 2021 1088 2077 prodire
1120 2022 1267 2078 juffus,
1298 2021 1581 2078 gaudiumque
1605 2020 1648 2060 id

1490 2079 1648 2135 populo

357 2221 468 2263 c..39
477 2221 533 2263 (1)
551 2221 601 2253 Sic
615 2219 714 2262 supra
731 2218 753 2250 l.
771 2228 825 2261 29
844 2230 871 2251 c
889 2218 939 2251 13
952 2220 989 2250 Cl
977 2220 1053 2261 ‚saffi
1042 2216 1142 2260 sopfle
1148 2229 1177 2249 α
1200 2219 1243 2248 dic
1249 2214 1404 2261 faedxffimb'
1419 2215 1583 2259 tempestate
1596 2216 1648 2248 la-

311 2275 419 2299 cerata.
467 2269 524 2310 (2)
539 2266 683 2299 Locutio
699 2266 748 2297 abi
738 2279 781 2297 tre
802 2266 937 2309 magistra
922 2273 971 2296 atu
986 2265 1076 2307 apud
1090 2264 1227 2296 Livium
1241 2263 1355 2304 passim
1372 2264 1470 2294 obvia
1488 2263 1544 2294 est.
1592 2260 1646 2294 sic

312 2316 393 2345 abire
412 2314 426 2344 Ι.
425 2327 498 2343 ooooo
501 2326 514 2343 e
531 2311 667 2355 supral.
683 2322 716 2349 4.
732 2323 760 2344 e.
776 2321 836 2350 7·‘¹
822 2313 880 2342 abir
871 2325 901 2342 re
916 2314 1045 2342 difflatur
1046 2310 1104 2342 al.
1125 2319 1156 2349 7.
1170 2321 1198 2341 c.
1216 2320 1249 2349 3·
1295 2312 1352 2350 (3)
1370 2307 1646 2351 Nempeordlna-

312 2359 379 2391 riis
427 2358 514 2390 Nam
546 2359 714 2390 dietatura
741 2356 946 2400 magistratus
977 2363 1046 2388 ext·
1044 2355 1263 2396 aordinarius
1280 2363 1361 2387 erat.
1393 2354 1554 2388 Ceterum
1572 2352 1645 2396 post

312 2404 397 2437 hanc
413 2403 613 2436 dictaturam
637 2403 738 2446 usquc
755 2404 796 2435 ad
814 2403 937 2435 Sullam
953 2401 1135 2434 dietatores
1158 2401 1192 2433 in
1210 2399 1380 2443 republica
1396 2411 1466 2432 non
1492 2401 1641 2432 fuerunt.

313 2451 370 2492 (4)
383 2449 433 2482 Sic
447 2449 572 2482 infral
588 2459 641 2491 34.
661 2460 690 2482 c
704 2460 737 2489 5.
764 2450 930 2493 Ilffgaleſsa
954 2450 1128 2490 ludossceni.
1131 2447 1193 2480 os..l
1212 2457 1268 2491 39
1285 2458 1311 2480 c.
1327 2456 1382 2481 22.
1403 2448 1484 2479 Ludi
1503 2446 1645 2478 Tauritia

308 2504 364 2539 per
379 2497 538 2538 bidumfa
544 2499 596 2528 ὲῖἰ.

359 2561 398 2593 C.
416 2570 469 2596 40.
496 2560 556 2603 (x)
582 2559 710 2602 Pugna,
734 2570 804 2602 qux
835 2558 1002 2602 suprema,
1026 2557 1189 2601 postrema
1217 2556 1280 2590 fuit
1298 2554 1641 2600 Karthaginiensibus.

312 2606 400 2638 bello
416 2606 495 2647 jam,
519 2616 587 2638 non
612 2606 717 2639 solum
735 2605 847 2650 praelio
865 2605 970 2638 viffis.
1018 2605 1076 2647 (2)
1093 2604 1144 2636 Sic
1166 2604 1264 2646 supra
1283 2603 1304 2634 l.
1323 2612 1352 2641 7.
1376 2613 1406 2635 c.
1424 2612 1478 2643 30.
1493 2603 1650 2680 &⁶⁹22erss
