1834 3099
117 198 201 249 318
835 198 887 241 T.
950 200 1169 243 LIVII

339 317 403 370 (5)
421 313 585 365 Novem,
624 315 774 371 inquit,
806 333 992 360 annorum
1019 337 1042 360 a
1064 321 1166 360 vobis
1192 319 1501 376 p1·0fcc‘ltts‚pfi
1519 319 1667 373 sextum

341 374 393 415 ἰῇ*
430 383 470 413 tt
471 374 551 429 nes
535 391 651 415 mum
684 392 827 417 annum
862 377 968 419 redii.
1031 378 1236 419 slsizitares
1263 387 1379 428 artes,
1424 393 1517 432 quas
1555 393 1611 417 me
1640 393 1664 416 α

326 443 445 486 puero
460 433 630 490 fortuna
653 450 752 474 nunc
783 437 947 490 privata
971 439 1047 492 (6),
1080 453 1179 477 num
1206 437 1357 491 publica
1388 436 1523 486 docuit,
1549 433 1664 490 probe

333 492 586 549 videorfiw're.
653 493 771 534 U›l›is
791 510 836 534 ac
846 495 1062 552 forijura,
1093 497 1204 551 leges,
1238 511 1371 548 moses,
1404 511 1468 535 vos
1490 511 1545 535 me
1559 505 1666 549 opor-

331 558 383 590 tet
421 550 590 591 doceatis.
653 552 856 594 Excusata
888 553 1179 608 imprudentia,
1213 555 1262 594 de
1283 567 1383 609 pace
1405 553 1544 595 multis
1573 566 1664 594 ver-

331 608 393 649 bis
433 609 628 659 differuit,
660 626 785 665 quam
828 626 903 652 nec
940 613 1096 667 iniqua,
1130 616 1171 654 «Sc
1195 613 1410 654 necessaria
1442 612 1550 653 esset.
1613 610 1662 651 Id

330 668 518 708 omnium
552 668 729 711 maximo}
767 670 931 713 difficile
953 682 1053 719 erat,
1086 669 1200 726 quod
1231 686 1280 712 ex
1304 670 1474 711 navibus
1498 685 1570 724 per
1600 670 1663 710 in-

329 726 472 768 ducias
509 728 638 782 captis
660 728 779 781 nihil,
811 741 960 785 praeter
988 731 1092 786 ipsas
1123 730 1386 785 comparebat
1408 744 1559 771 naves:
1588 742 1661 769 ne-

329 799 411 839 que
453 786 661 840 inquisitio
701 799 786 828 erat
830 788 978 841 facilis,
1010 789 1315 830 adversantibus
1357 789 1464 843 paci,
1497 790 1560 844 (7)
1581 787 1654 842 qui

326 855 612 900 arguerentur.
673 846 834 894 Placuit
871 848 993 889 naves
1039 849 1169 898 reddi,
1221 851 1259 889 8<
1293 848 1482 889 homines
1517 847 1659 901 utique

326 902 494 957 inquiri.
557 906 722 955 Cetera,
755 921 847 959 quae
861 906 1055 959 abessent,
1085 907 1322 947 aestimanda
1350 905 1534 960 Scipioni
1568 919 1660 960 per-

326 962 461 1003 mitti:
491 971 614 1017 atque
656 963 710 1003 ita
744 965 918 1018 pecunia
951 966 1063 1005 luere
1098 964 1475 1021 Karthaginienses.
1536 963 1660 1013 Sunt,

326 1021 399 1074 qui
419 1021 697 1062 Hannibalem
715 1037 765 1062 ex
788 1023 873 1063 acie
899 1024 949 1063 ad
987 1038 1098 1064 mare
1116 1024 1352 1078 pervenisse,
1385 1024 1480 1063 inde
1502 1037 1659 1078 praepa-

326 1080 414 1119 rata
435 1094 537 1120 nave
557 1081 606 1120 ad
629 1095 769 1137 regem
802 1081 1061 1123 Antiochum
1083 1084 1291 1136 extemplo
1317 1081 1553 1137 profectum
1577 1092 1660 1121 tra-

324 1138 451 1179 dant:
482 1139 786 1194 postulantique
823 1150 917 1182 ante
958 1142 1096 1182 omnia
1130 1140 1332 1196 Scipioni,
1371 1150 1417 1180 ut
1447 1138 1659 1180 Hannibal

324 1196 395 1236 fibi
436 1199 681 1250 traderetur,
711 1199 950 1255 responsum
989 1200 1082 1250 effe,
1113 1199 1393 1241 Hannibalem
1426 1198 1468 1238 in
1513 1197 1660 1240 Afric&

324 1269 408 1296 non
426 1257 518 1297 esse.

384 1315 633 1357 XXXVIII.
666 1315 890 1371 Postquam
912 1318 1122 1359 redierunt
1153 1319 1204 1358 ad
1239 1316 1477 1372 Scipionem
1500 1315 1655 1372 legati3

325 1387 418 1428 quae
457 1374 622 1429 publica
662 1376 705 1416 in
742 1376 912 1418 navibus
954 1377 1133 1426 fuerant,
1167 1392 1216 1417 ex
1257 1375 1433 1431 publicis
1455 1375 1655 1430 descripta

323 1433 551 1475 rationibus
591 1435 844 1488 quaestore83
913 1451 1006 1491 quae
1043 1437 1213 1491 privata,
1261 1433 1445 1490 profiteri
1495 1433 1654 1475 domini

96 1526 194 1557 flu
181 1539 215 1556 Μ
231 1539 260 1556 m
317 1491 440 1547 juffi3
474 1507 549 1546 pro
565 1508 611 1534 ea
634 1493 791 1534 summa
809 1496 994 1549 pecuniae
1008 1495 1153 1550 viginti
1170 1494 1353 1549 quinque
1371 1492 1496 1533 millia
1513 1493 1655 1548 pondo

94 1541 151 1602 ,ἴε
167 1585 280 1605 mem,
321 1551 479 1606 argenti
521 1552 1007 1609 praesentia(1)exa&.·a:
1038 1554 1299 1608 induciaeque
1332 1550 1655 1608 Karthaginien-

321 1609 427 1650 fibus
449 1611 585 1651 datae'
576 1625 619 1651 m
641 1621 722 1653 tres
744 1612 916 1654 menses.
983 1613 1201 1663 Additum,
1233 1626 1284 1652 ne
1302 1625 1375 1666 per
1390 1610 1653 1652 induciarum

320 1678 484 1723 tempus
515 1667 598 1710 alio
620 1670 806 1725 usquam,
840 1671 966 1725 quam
988 1672 1186 1720 Romam,
1219 1671 1432 1711 mitterent
1467 1670 1655 1725 legatos:

319 1730 381 1777 ἃ,
414 1728 651 1783 quicunque
671 1730 795 1785 legati
816 1730 1117 1786 Karthaginem
1147 1730 1359 1779 veniffent,
1390 1742 1443 1769 ne
1473 1727 1568 1769 ante
1590 1727 1653 1768 di-

318 1786 530 1827 mitterent
561 1802 648 1837 eos,
696 1791 821 1842 quam
859 1790 1100 1829 Romanum
1137 1789 1444 1843 imperatorem,
1487 1786 1575 1842 qui,
1606 1790 1649 1829 &

318 1860 411 1898 quae
447 1856 632 1900 petentes
666 1847 876 1897 venissent,
908 1848 1124 1888 certiorem
1147 1847 1342 1888 facerent.
1408 1845 1518 1887 Cum
1539 1846 1651 1901 lega-

318 1904 369 1944 tis
391 1904 796 1960 Karthaginiensibus
820 1906 1002 1946 Romam
1024 1906 1125 1947 missi
1147 1907 1195 1946 L.
1217 1906 1414 1947 Veturius
1434 1904 1572 1954 Philo,
1605 1905 1649 1945 &

318 1961 385 2002 M.
408 1963 594 2005 Marcius
621 1965 759 2015 Ralla,
792 1966 830 2005 δι
852 1965 901 2005 L.
925 1964 1064 2020 Scipio
1087 1965 1345 2019 imperatoris
1367 1964 1507 2005 frater.
1568 1962 1650 2004 Per

317 2034 388 2062 eos
429 2022 515 2063 dies
551 2034 806 2064 commeatus
844 2038 894 2064 ex
917 2024 1054 2064 Sicilia
1076 2023 1345 2077 Sardiniaque
1378 2032 1535 2063 tantam
1557 2021 1650 2062 vili-

317 2089 444 2120 tatem
467 2083 528 2136 (2)
551 2097 724 2122 annonae
747 2082 987 2135 effecerunt,
1019 2093 1064 2123 ut
1102 2097 1176 2137 pro
1197 2082 1367 2123 vectura
1388 2081 1648 2122 frumentum

316 2149 520 2180 mercator
553 2142 688 2182 nautis
722 2141 984 2195 relinqueret.
1048 2142 1197 2182 Romae
1237 2142 1288 2181 ad
1324 2139 1526 2182 nuncium
1563 2139 1648 2194 pri-

1527 2212 1647 2239 mum

315 2330 432 2362 Livius
457 2330 511 2363 hic
530 2331 707 2375 Polybium
737 2331 896 2374 sequitur.
947 2331 1091 2375 (5)Vid.
1110 2339 1220 2364 tamen
1244 2339 1314 2364 not.
1333 2341 1362 2364 2.
1383 2332 1425 2363 ad
1451 2342 1481 2364 c.
1502 2330 1571 2371 3.l.
1591 2339 1647 2363 21-

314 2377 421 2418 supra.
466 2378 522 2418 (6)
542 2379 640 2409 Nunc
657 2377 720 2410 mei
749 2378 848 2421 iplius
879 2378 1029 2421 propria.
1051 2389 1139 2410 nunc
1172 2378 1306 2420 publica
1338 2377 1482 2410 civitatis
1498 2379 1644 2409 fortuna.

314 2423 370 2463 (7)
388 2422 438 2460 lis,
461 2422 516 2464 qui
536 2435 586 2455 res
613 2423 648 2454 in
666 2423 805 2456 navibus
831 2433 943 2466 captas
971 2423 1133 2467 poffidere
1147 2432 1382 2468 arguerentur.
1428 2424 1518 2454 Infra
1534 2423 1558 2455 l.
1580 2431 1637 2463 45.

313 2478 344 2499 c.
360 2469 415 2500 28.
433 2470 554 2512 bonaque
569 2483 662 2500 eorum
679 2494 687 2501 .
703 2492 712 2500 .
732 2492 741 2501 .
752 2472 896 2513 pffdete,
915 2473 963 2513 qui
977 2471 1143 2513 arguebant.

361 2532 396 2562 C
411 2532 466 2573 38.
485 2534 541 2573 (1)
559 2532 635 2564 Vid.
640 2534 659 2573 †
679 2535 893 2576 reprasntare.
942 2533 1000 2574 (2)
1016 2532 1096 2565 Vid.
1114 2540 1183 2565 not.
1200 2543 1231 2566 1.
1244 2534 1328 2566 ade.
1343 2534 1399 2565 26.
1426 2533 1536 2576 supra.
1582 2533 1647 2564 Per

313 2580 434 2614 acsdiges
457 2586 492 2608 ut
505 2572 644 2619 supral.
662 2588 690 2617 3.
705 2589 735 2609 c.
754 2588 806 2619 29.
818 2579 850 2610 δε
869 2577 995 2620 pasfim.
1044 2581 1092 2610 lta
1104 2586 1160 2622 per
1174 2581 1227 2610 nlla
1249 2587 1378 2623 tempora
1402 2579 1460 2621 sup
1464 2578 1536 2610 ral.
1557 2576 1590 2610 6.
1608 2589 1640 2610 c.

317 2632 350 2654 ι
363 2630 420 2666 per
440 2626 565 2657 inducias
589 2635 650 2666 pro
675 2632 824 2667 tempore
842 2624 1052 2659 induciarum
1068 2635 1142 2667 cap.
1167 2635 1264 2668 praec.
1309 2626 1351 2657 Et
1368 2624 1431 2656 hoc
1448 2624 1532 2656 forte
1549 2622 1644 2700 sgnsu

1577 2672 1647 2706 etti
