1834 3099
117 158 201 209 326

113 603 233 641 lust-⁷351·
248 600 321 639 ’500

815 152 869 195 Τ.
914 152 1105 194 LIVII

342 267 427 308 dari
464 266 677 308 fecialibus
717 267 828 308 solet.
890 267 949 310 Ita
979 269 1122 310 dimiffi
1156 268 1204 309 ab
1238 269 1371 309 Roma
1392 269 1656 326 Karthagini-

340 326 469 375 enses,
502 341 629 380 quum
652 326 693 366 in
725 326 908 367 Africam
931 329 1123 368 venifl‘ent
1144 329 1194 368 ad
1223 328 1473 382 Scipionem,
1505 328 1655 382 quibus

341 389 434 425 ante
460 385 617 425 diCtum
639 386 694 425 est
718 385 889 440 legibus,
911 401 1052 440 pacem
1082 386 1280 426 fecerunt.
1340 387 1477 428 Naves
1496 387 1656 442 longas,

341 442 594 497 elephantos,
628 443 833 499 perfugas,
865 444 1057 500 fugitivos
1095 448 1171 498 (3),
1204 444 1457 499 captivorum
1478 455 1656 499 quatuor

341 501 466 541 millia
490 503 755 542 tradiderunt.
790 502 895 542 inter
916 517 1018 556 quos
1047 504 1102 559 Q.
1124 503 1344 543 Terentius
1365 502 1511 544 Culleo
1542 503 1655 544 sena-

340 570 403 598 tor
424 559 515 599 fuit.
577 562 713 601 Naves
734 561 945 615 ρτονεᾶιιε.
968 562 1009 601 in
1040 564 1167 602 altum
1190 561 1352 602 incendi
1384 561 1508 617 juflit.
1529 561 1651 616 quin-

339 629 480 672 gentas
521 618 634 659 fuifl'e
668 619 801 659 omnis
833 620 1009 675 generis,
1040 635 1130 674 quae
1154 620 1273 660 remis
1301 629 1532 674 agerentur,
1563 619 1655 674 qui-

338 677 431 715 dam
469 679 659 718 tradunt:
691 692 864 731 quarum
906 678 1169 733 conspectum
1211 678 1376 732 repente
1416 675 1653 719 incendium

339 743 420 775 tam
462 736 633 792 lugubre
663 734 775 776 fuiffe
808 737 959 784 Poenis,
1007 751 1130 791 quam
1153 737 1177 777 si
1199 746 1288 777 tum
1325 736 1407 791 ipsa
1439 735 1651 791 Karthago

337 795 508 834 arderet.
571 795 636 835 De
670 794 851 850 perfugis
887 793 1064 851 grrvius,
1096 809 1219 850 quam
1253 796 1302 835 de
1325 793 1523 850 fugitivis,
1555 808 1654 836 con-

337 852 515 901 sultum3
548 853 725 893 nominis
750 853 882 892 Latini
919 853 989 907 qui
1024 863 1153 905 erant,
1186 853 1531 908 securipercufli·,
1562 853 1652 894 Ro-

337 910 446 950 mani
468 910 507 950 in
531 925 694 952 crucem
717 911 874 951 sublati.

395 969 548 1010 XLIV.
584 969 716 1009 Annis
751 968 841 1009 ante
882 969 1149 1024 quadraginta
1185 984 1267 1024 pax
1304 983 1398 1010 cum
1431 968 1652 1025 Karthagi-

336 1026 539 1067 niensibus
571 1026 776 1082 postremo
819 1026 928 1067 facta
965 1037 1065 1076 erat,
1099 1027 1153 1083 Q.
1177 1027 1362 1077 Lutatio,
1396 1029 1449 1068 A.
1485 1028 1651 1069 Manlio

336 1085 580 1126 consulibus.
618 1085 769 1126 bellum
812 1085 956 1125 initum
997 1086 1112 1126 annis
1146 1085 1236 1140 post
1271 1085 1400 1125 tribus
1424 1088 1464 1127 «Sc
1487 1086 1650 1141 viginti,

336 1143 383 1183 P.
430 1143 640 1192 Cornelio,
680 1144 747 1184 Ti.
778 1143 1021 1198 Sempronio
1051 1143 1296 1185 consulibus.
1367 1143 1552 1184 Finitum
1591 1143 1650 1185 est

336 1205 399 1256 (1)
435 1202 766 1257 septimodecimo
803 1217 925 1252 anno,
957 1203 1037 1244 Cn.
1079 1202 1287 1252 Cornelio,
1318 1202 1365 1243 P.
1390 1201 1504 1242 AElio
1536 1203 1653 1244 Paeto

335 1260 579 1301 consulibus.
641 1261 758 1316 Saepe
794 1262 926 1316 postea
963 1259 1101 1301 ferunt
1137 1260 1373 1315 Scipionem
1395 1259 1552 1311 dixifl‘e,
1581 1260 1650 1302 Ti.

336 1319 500 1360 Claudii
525 1318 705 1374 primum
728 1320 1009 1374 cupiditatem,
1041 1319 1186 1359 deinde
1209 1319 1287 1360 Cn.
1308 1319 1504 1369 Cornelii,
1535 1317 1653 1360 fuiffe

336 1378 378 1416 in
400 1378 527 1427 moriz,
559 1374 640 1432 duo
662 1377 796 1419 minus
824 1378 865 1418 id
885 1378 1037 1418 bellum
1059 1378 1183 1418 exitio
1204 1377 1469 1434 Karthaginis
1499 1376 1650 1418 finiret.

335 1436 576 1491 Karthagini
614 1440 674 1492 (2)
713 1451 841 1491 quum
882 1437 1012 1492 prima
1054 1437 1216 1477 collatio
1256 1436 1441 1491 pecuniae
1489 1436 1652 1477 diutino

333 1494 440 1535 bello
476 1495 677 1536 exhaustis
709 1494 884 1536 difficilis
920 1495 1141 1546 videretur,
1173 1495 1446 1550 moestitiaque
1469 1493 1650 1539 &fletus

333 1553 375 1592 in
404 1554 512 1594 curia
549 1555 658 1603 effer,
690 1554 889 1594 ridentem
910 1553 1185 1594 Hannibalern
1206 1553 1346 1594 ferunt
1366 1551 1648 1607 conspeetum.

335 1613 452 1667 cujus
488 1627 615 1666 quum
650 1612 880 1653 Hasdrubal
900 1612 1058 1653 Haedus
1080 1611 1203 1652 risum
1225 1612 1452 1668 increparet
1474 1611 1517 1651 in
1547 1611 1652 1666 pub-

336 1670 414 1709 lico
438 1670 550 1720 fletu,
580 1686 706 1724 quum
731 1670 811 1725 ipse
845 1671 1103 1711 lacrimarum
1126 1670 1242 1711 causa
1262 1671 1387 1720 effet3
1432 1670 1490 1720 Si,
1521 1686 1649 1725 quem—

335 1728 528 1768 admodum
559 1731 633 1769 oris
665 1729 811 1769 habitus
831 1731 1001 1769 cernitur
1020 1730 1145 1778 oculis,
1176 1729 1324 1783 inquit,
1338 1729 1400 1784 fic
1424 1728 1477 1771 Εἴ*
1495 1729 1648 1769 animus

334 1788 437 1826 intus
468 1789 570 1826 cerni
579 1787 707 1844 poffi't,
722 1786 849 1844 fizcilc}
881 1789 980 1828 vobis
999 1796 1211 1842 appareret,
1241 1803 1309 1827 nott
1342 1788 1428 1836 laeti,
1447 1785 1649 1845 [εέρνορὲ

334 1847 490 1885 amentis
517 1847 626 1886 malis
644 1847 765 1886 cordis
794 1846 905 1896 lunc,
933 1862 1039 1900 quem
1075 1847 1293 1902 increpatis,
1325 1847 1440 1902 risum
1471 1845 1545 1901 ff.
1577 1847 1646 1900 qui

333 1912 456 1943 tamen
488 1919 717 1959 nequaquam
748 1903 836 1944 adeo
868 1905 920 1963 ⁶st
943 1904 1234 1960 intempestwus,
1266 1904 1380 1960 quam
1413 1904 1538 1962 vaestrae
1567 1903 1647 1962 zstae

333 1961 494 2016 absurde
513 1973 623 2017 atque
643 1966 705 2017 (3)
724 1963 956 2003 abhorrentes
990 1963 1085 2003 lacr'
1073 1978 1151 2002 tmae
1172 1963 1280 2019 sunt.
1343 1961 1564 2018 Tuncflffl
1582 1962 1646 2002 de-

333 2021 423 2069 cuit,
453 2036 564 2075 quum
593 2021 761 2074 adempta
784 2022 884 2061 nobis
913 2037 1037 2072 arma,
1069 2022 1215 2076 incensae
1242 2037 1373 2072 naves,
1404 2020 1646 2061 interdifium

333 2081 494 2119 externis
514 2080 625 2121 bellis.
660 2081 718 2121 illo
738 2082 833 2120 enim
866 2081 1020 2121 vulnere
1040 2081 1273 2121 concidimus.
1333 2082 1394 2138 (4)
1416 2079 1499 2122 Nec
1519 2079 1615 2137 ‘ff'
1600 2094 1642 2118 m

1572 2151 1639 2178 UOJ

331 2255 387 2295 (3)
398 2257 526 2299 Nempe
542 2255 663 2287 servos.

377 2320 414 2350 C.
427 2331 478 2358 44.
494 2320 549 2360 (ι)
572 2319 803 2362 Intelligendus
819 2319 863 2351 est
879 2318 1034 2362 septimus
1062 2318 1204 2351 decimus
1221 2329 1326 2350 annus
1341 2317 1481 2361 elapsus,
1504 2317 1538 2349 &
1560 2317 1642 2355 inci·

330 2364 442 2405 pieme
458 2364 585 2397 decimo
610 2366 732 2397 oe’tavo
756 2365 885 2396 finitum
899 2365 1031 2396 bellum.
1077 2366 1134 2406 (2)
1149 2365 1226 2396 Vid.
1241 2372 1312 2396 not.
1330 2374 1363 2403 4.
1378 2364 1420 2396 ad
1443 2363 1530 2406 Epit.
1546 2364 1566 2395 l.
1593 2363 1648 2396 28.

331 2409 467 2448 (3)Cic.
500 2411 521 2442 l.
546 2420 577 2442 2.
602 2411 642 2442 de
661 2413 717 2442 Or.
742 2422 770 2442 c.
802 2420 851 2443 20.
898 2412 949 2442 Sin
965 2410 1054 2453 plan?
1078 2411 1248 2450 abhorrebit,
1273 2411 1312 2443 δ’
1339 2412 1396 2441 erit
1420 2411 1580 2452 absurdus;
1606 2416 1640 2440 ut

319 2457 353 2495 J}
369 2459 515 2493 contineat,
544 2457 632 2487 &ad
645 2459 726 2487 aliud
737 2457 862 2496 studium
888 2459 1060 2497 trungfcrnt,
1082 2457 1234 2489 admonebo.
1281 2455 1338 2497 (4)
1355 2456 1534 2500 Qomodo
1560 2455 1639 2486 Cre-

331 2500 449 2533 vicrius
466 2502 554 2534 hunc
581 2502 690 2535 locum
706 2501 955 2546 interpretatur,
980 2502 1071 2533 sensu
1103 2510 1225 2541 tamen,
1246 2508 1282 2534 ut
1314 2500 1381 2544 ipse
1405 2500 1501 2540 vidit,
1522 2508 1639 2544 parum

1580 2551 1638 2578 aut
