1834 3099
190 170 269 216 170

904 155 943 198 T
1015 155 1237 198 L1V11

410 273 634 316 discurrere
657 275 870 326 auderent,
902 289 952 315 ne
975 274 1177 329 aperirent
1195 274 1370 314 mediam
1395 273 1524 315 aciem
1552 276 1733 317 venienti

411 347 459 374 ex
484 334 649 374 adverso
671 333 789 374 hosti.
853 335 1022 375 Cornua
1051 333 1216 388 ancipiti
1249 333 1395 388 proelio
1419 333 1730 388 urguebantur:

410 405 549 446 eques,
582 392 759 446 levisque
801 405 1019 441 armatura,
1049 395 1111 447 (6)
1144 392 1301 443 velites,
1335 391 1629 434 circumduCtis
1658 394 1732 434 alis

411 450 456 490 in
491 452 614 491 latera
650 451 942 500 incurrebant3
976 451 1164 492 cohortes
1199 465 1219 490 a
1251 450 1386 491 fronte
1424 450 1638 507 urgebant,
1685 462 1732 493 ut

412 508 702 565 abrumperent
721 525 873 551 cornua
896 525 917 550 a
935 511 1066 550 cetera
1089 509 1187 549 acie.

469 568 568 610 XV.
602 569 653 609 Et
675 583 803 623 quum
827 572 888 624 (t)
923 568 971 608 ab
1005 569 1117 608 omni
1155 577 1268 622 parte
1300 567 1620 622 haudquaquam
1658 583 1732 623 par

410 641 549 682 pugna
566 638 668 678 erat,
701 639 789 667 tum
812 626 924 683 quod
954 627 1072 669 turba
1104 627 1325 667 Baliarium
1349 627 1612 682 tironumque
1634 627 1732 668 His-

409 700 610 740 panorum
635 687 826 726 Romano
849 687 1079 741 Latinoque
1103 686 1221 725 militi
1245 685 1406 741 objeCia
1428 697 1529 735 erat,
1563 689 1620 734 &,
1636 701 1731 741 pro-

407 745 578 785 cedente
599 746 687 800 jam
709 745 789 794 die,
823 751 838 796 Η
861 746 965 786 vires
987 746 1109 785 etiam
1134 744 1307 785 deficere
1329 744 1595 785 Hasdrubalis
1617 759 1732 785 exer-

405 802 535 843 citum
557 814 783 859 coeperant,
815 804 1019 858 oppressos
1041 804 1242 844 matutino
1264 805 1445 843 tumultu
1468 803 1732 858 coaetosque,

404 861 641 916 priusquam
665 862 755 903 cibo
779 877 949 916 corpora
963 861 1190 912 firmarent,
1223 862 1369 917 raptim
1393 861 1434 901 in
1456 862 1584 903 aciem
1603 863 1726 903 exire.

406 920 474 961 Ad
494 920 531 959 id
548 920 688 961 sedulo
711 921 819 960 diem
841 931 1069 960 extraxerat
1090 921 1245 974 Scipio,
1280 931 1323 960 ut
1353 921 1435 961 sera
1459 935 1596 977 pugna
1617 922 1725 964 effer.

405 992 502 1018 nam
521 982 587 1032 (2)
622 979 671 1018 ab
701 979 867 1033 septima
890 984 906 1030 [ι
932 980 1098 1019 demum
1122 979 1221 1019 hora
1242 981 1425 1034 peditum
1466 980 1573 1035 ligna
1593 980 1728 1020 corni-

404 1036 481 1077 bus
502 1037 830 1078 incucurrerunt.
853 1041 901 1077 ad
935 1038 1090 1077 medias
1112 1038 1217 1078 acies
1236 1038 1444 1091 aliquanto
1481 1037 1606 1078 serius
1637 1053 1728 1092 per-

403 1095 516 1136 venit
551 1110 688 1151 pugna
708 1112 716 1136 :
749 1096 803 1136 ita
826 1105 870 1136 ut
892 1093 1005 1151 prius
1027 1096 1146 1136 aestus
1169 1111 1190 1136 a
1218 1096 1443 1135 meridiano
1466 1097 1562 1145 sole,
1594 1098 1728 1138 labor-

403 1167 484 1207 que
507 1154 636 1194 standi
658 1155 728 1196 sub
752 1155 889 1204 armis,
924 1157 960 1196 ἃ
980 1155 1094 1194 fimul
1113 1154 1241 1195 fames
1263 1154 1421 1209 litisque
1439 1169 1608 1210 corpora
1625 1161 1649 1209 †
1665 1155 1726 1195 af·-

402 1212 588 1263 ficerent,
621 1214 746 1268 quam
782 1228 928 1254 manus
962 1228 1058 1254 cum
1095 1212 1209 1254 hoste
1244 1213 1514 1255 consererent.
1577 1214 1722 1269 Itaque

402 1270 602 1312 steterunt
623 1273 744 1314 scutis
762 1273 891 1312 innisi.
916 1286 1010 1312 nam
1040 1271 1158 1326 super
1183 1283 1316 1312 cetera
1350 1271 1556 1327 elephanti
1585 1272 1725 1323 etiam,

401 1331 658 1372 tumultuoso
692 1346 839 1387 genere
874 1345 1022 1386 pugnae
1060 1331 1247 1385 equitum
1276 1331 1528 1385 velitumque
1553 1333 1592 1372 &
1624 1332 1726 1373 levis

400 1400 618 1431 armaturae
652 1390 914 1438 consternati,
946 1405 966 1430 e
991 1390 1183 1430 cornibus
1205 1390 1245 1429 in
1280 1390 1458 1429 mediam
1491 1390 1619 1430 aciem
1644 1390 1724 1432 sese

399 1446 637 1489 intulerant.
711 1449 812 1490 Feffi
850 1449 974 1504 igitur
1008 1448 1246 1503 corporibus
1289 1448 1514 1502 animisque
1547 1443 1724 1489 retulere

398 1508 562 1560 pedem,
608 1507 772 1549 ordines
810 1517 946 1548 tamen
980 1506 1196 1557 servantes,
1228 1507 1337 1547 haud
1376 1506 1505 1558 secus,
1537 1505 1662 1561 quam
1696 1508 1722 1547 fi

398 1565 573 1620 imperio
596 1567 713 1607 ducis
733 1567 923 1607 cederent
939 1565 1093 1620 integra
1117 1566 1236 1606 acies.
1299 1564 1380 1605 Sed
1403 1580 1531 1619 quum
1565 1580 1614 1606 eo
1637 1566 1724 1621 ipso

397 1623 550 1673 acrius,
581 1623 651 1664 ubi
674 1627 736 1679 (3)
759 1625 1001 1666 inclinatam
1024 1623 1176 1665 sensere
1199 1638 1303 1682 rem,
1337 1623 1512 1664 victores
1542 1623 1579 1665 se
1603 1625 1724 1665 undi-

398 1697 479 1737 que
502 1683 756 1731 inveherent,
789 1698 864 1724 nec
882 1683 1001 1723 facile
1025 1683 1202 1737 impetus
1217 1682 1400 1723 sustineri
1415 1683 1568 1737 pofl'et3
1591 1698 1723 1737 quan-

397 1756 523 1796 quam
560 1741 778 1792 retinebat‚
810 1741 1104 1796 obfistebatque
1134 1741 1374 1782 cedentibus
1397 1741 1645 1791 Hasdrubal,
1675 1743 1722 1782 ab

397 1808 498 1854 tergo
533 1801 596 1856 ff
627 1800 731 1840 colles
757 1810 953 1856 tutumque
989 1808 1189 1854 receptum,
1234 1817 1244 1839 1
1268 1798 1405 1840 modici³
1423 1800 1469 1854 se
1499 1802 1720 1854 reciperent,

396 1858 626 1908 clamitans,
671 1868 824 1908 tamen,
868 1861 1054 1900 vincente
1087 1858 1375 1899 verecundiam
1412 1868 1537 1902 metu,
1572 1862 1719 1913 (quum

394 1916 644 1971 ssproximus
665 1918 836 1972 quisque
866 1918 1023 1958 hostem
1048 1918 1227 1969 cederet)
1249 1928 1361 1973 terga
1378 1918 1586 1972 extemplo
1609 1919 1719 1967 data,

392 1985 516 2030 atque
537 1976 578 2015 in
602 1975 744 2031 fugam
767 1976 845 2016 sese
862 1989 1005 2016 omnes
1020 1975 1267 2016 effuderunt.
1331 1977 1394 2016 Ac
1413 1976 1719 2031 primo(4)con-

393 2034 524 2076 fistere
543 2034 651 2092 signa
673 2034 717 2074 in
749 2035 956 2077 radicibus
984 2035 1167 2084 collium,
1201 2049 1246 2076 ac
1278 2047 1468 2074 revocare
1488 2034 1529 2077 in
1552 2035 1718 2077 ordines

1540 2093 1715 2137 militem

391 2212 458 2254 qui,
480 2211 735 2254 suffragantibus
751 2211 901 2254 pluribus
924 2210 1101 2244 codicibus.
1148 2210 1203 2253 (6)
1220 2212 1283 2242 Per
1304 2210 1543 2252 appositionem
1568 2210 1716 2250 ditstum;

393 2266 428 2288 ut
443 2257 541 2299 supra
555 2257 577 2289 l.
603 2267 641 2289 21
651 2283 658 2290 .
673 2269 700 2289 c.
712 2268 752 2297 55
764 2283 771 2290 .
788 2259 924 2288 Baliares
939 2259 1014 2287 locat
1029 2258 1197 2300 anteſsgna‚
1219 2259 1308 2287 levem
1321 2264 1516 2289 armaturam.

439 2303 479 2334 C.
501 2312 554 2342 15.
574 2305 628 2343 (1)
649 2302 836 2335 Crevierius
852 2302 986 2344 exponit
1003 2304 1038 2333 ab
1053 2306 1126 2333 omni
1139 2311 1225 2345 parte
1252 2313 1311 2344 per
1327 2304 1448 2333 omnibus
1464 2305 1494 2334 de
1511 2303 1612 2344 confise
1641 2310 1714 2333 tum

393 2348 545 2380 omnibus
563 2350 602 2379 de
620 2348 731 2386 caulis,
755 2357 824 2380 tum
840 2348 915 2379 ideo
940 2347 993 2378 vel
1011 2347 1160 2384 maxime,
1187 2348 1276 2388 quod
1305 2348 1370 2378 «Sec.
1418 2349 1479 2379 Sed
1498 2348 1560 2379 hoc
1583 2347 1639 2378 vix
1655 2348 1713 2378 ad-

392 2393 480 2425 mitti
499 2394 613 2435 potest.
662 2394 852 2426 Gronovius
873 2395 906 2425 τὸ
921 2407 1002 2435 quum
1021 2394 1216 2424 mutandum
1235 2392 1341 2424 censet
1357 2393 1483 2435 injam5
1511 2401 1548 2424 ut
1565 2393 1653 2433 quod
1667 2393 1713 2424 se-

392 2439 517 2479 quitur,
538 2448 606 2477 eum,
628 2450 696 2470 non
726 2439 801 2471 huic
832 2439 1002 2481 particula:
1021 2439 1228 2481 respondeat,
1252 2439 1305 2469 sed
1329 2437 1526 2479 insequenti.
1574 2438 1605 2468 Si
1630 2438 1712 2479 quid

392 2485 600 2522 mutandum,
622 2485 753 2516 mallem
772 2485 876 2527 legere
893 2492 950 2515 tum
973 2485 1028 2526 φιᾶ
1049 2486 1133 2515 turba
1149 2485 1212 2516 δερ.
1229 2483 1401 2526 periodum
1419 2491 1527 2515 autem
1542 2482 1636 2514 finire
1669 2484 1712 2514 ad

390 2531 495 2571 objeHa
518 2538 592 2567 erat,
616 2531 784 2571 expuncto
798 2532 832 2561 ινδ
846 2538 884 2567 et,
906 2530 994 2571 quod
1022 2530 1132 2571 plures
1149 2530 1277 2561 codices
1301 2528 1467 2571 ignorant.
1493 2530 1532 2560 E.
1561 2530 1617 2570 (2)
1630 2529 1709 2559 Nou

390 2583 468 2606 ante
484 2575 653 2617 septimam
667 2575 794 2607 horam,
819 2578 854 2606 E..
903 2577 958 2615 (3)
975 2576 1118 2606 Inch'nata
1144 2589 1188 2606 res
1205 2575 1328 2606 dicitur
1342 2573 1439 2616 supra
1457 2573 1520 2604 1-6.
1537 2585 1564 2605 c·
1581 2574 1613 2605 8.
1639 2573 1661 2604 l.
1677 2583 1708 2614 9.

389 2631 420 2652 c.
440 2630 495 2661 32.
515 2622 546 2652 δε
560 2620 637 2653 alibi
655 2621 751 2664 saepe.
770 2623 906 2654 inclinari
922 2634 980 2652 rem
993 2623 1137 2665 insugam
1155 2621 1174 2652 l.
1191 2630 1218 2660 7.
1234 2632 1264 2653 c.
1289 2629 1341 2660 33.
1387 2619 1444 2662 (4)
1459 2621 1507 2652 lta
1524 2630 1598 2651 mox
1617 2631 1644 2650 c.
1659 2619 1716 2700 ἓύᾶ

1680 2678 1693 2698 e
