1834 3099
160 225 214 266 ‚14

157 331 279 362 Fulvius
318 345 337 363 a

158 377 257 418 Capu!
286 379 345 408 Ro-

156 434 235 452 mam
261 436 346 456 revo-

159 474 253 500 catur.

163 1869 312 1901 ‘Tumultus

160 1916 266 1946 Reme.

872 219 922 262 T.
976 219 1188 262 LIVII

378 342 477 383 erat,
510 347 531 374 e
567 333 695 376 tribus
716 337 778 392 (ς)
800 338 1048 379 exercitibus
1080 338 1208 378 milite
1243 337 1392 389 eleeto,
1424 338 1473 379 ad
1509 338 1688 394 quinde-

379 392 458 432 cim
478 392 600 433 millia
624 394 823 448 peditum,
856 397 965 437 mille
998 398 1171 451 equites,
1206 397 1463 436 Vulturnum
1490 397 1683 442 traducit,

380 450 473 491 inde
496 465 625 505 quum
647 452 920 495 Hannibalem
952 455 1097 495 Latina
1127 456 1189 496 via
1220 455 1373 495 iturum
1403 455 1495 495 satis
1518 469 1684 510 compe-

379 509 501 558 riffet,
534 509 615 564 ipse
637 525 709 565 per
732 513 879 567 Appiae
901 513 1139 568 municipia,
1162 527 1334 568 quaeque
1355 519 1370 565 Η
1391 524 1557 568 propter
1591 527 1683 554 eam

379 568 487 608 viam
519 568 691 625 sunt,(6)
722 570 893 623 Setiam,
925 573 1094 621 Coram,
1131 572 1363 612 Lanuvium
1399 572 1605 626 praemisit,
1637 582 1684 612 ut

380 637 632 668 commeatus
655 640 813 683 paratos
838 633 875 670 δε
910 630 951 669 in
984 630 1151 671 urbibus
1182 629 1396 679 haberent,
1430 632 1470 672 δι
1492 645 1541 671 ex
1577 629 1684 685 agris

379 685 505 727 deviis
541 685 582 725 in
623 686 730 727 viam
766 688 1009 743 proferrent,
1042 689 1304 743 praesidiaque
1354 689 1394 728 in
1427 688 1548 729 urbes
1585 702 1684 729 con-

378 743 599 793 traherent,
632 755 677 785 ut
701 745 767 786 sua
798 747 945 801 cuique
967 746 1191 801 respublica
1226 748 1267 786 in
1295 762 1419 787 manu
1445 747 1553 787 esset.

387 848 390 851 ¹
435 802 509 842 IX.
542 803 766 854 Hannibal,
812 820 895 859 quo
930 805 995 845 die
1030 806 1284 846 Vulturnum
1319 807 1376 846 est
1408 805 1685 860 transgreffus,

377 858 487 901 haud
515 863 656 915 procul
686 878 706 902 a
738 863 906 904 flumine
928 863 1055 904 castra
1084 864 1231 919 posuit.
1292 864 1460 904 Postero
1491 864 1556 904 die
1579 878 1684 918 prae-

378 928 440 959 ter
461 918 579 960 Cales
600 921 641 960 in
664 935 806 976 agrum
827 922 1056 962 Sidicinum
1087 923 1284 976 pervenit.
1322 923 1376 963 ibi
1409 922 1517 963 diem
1553 936 1684 962 unum

377 979 613 1032 populando
635 990 830 1026 moratus.
877 995 948 1034 per
968 981 1193 1021 Suessulam
1218 984 1279 1036 (1)
1304 980 1619 1034 Allifanumque
1639 982 1682 1022 &

377 1035 606 1076 Casinatem
629 1052 770 1092 agrum
795 1036 856 1078 via
877 1038 1022 1078 Latina
1057 1039 1183 1080 ducit.
1215 1039 1286 1079 sub
1319 1039 1515 1081 Casinum
1555 1039 1682 1080 biduo

377 1093 516 1134 stativa
537 1093 672 1135 habita
697 1098 736 1136 ἃ*
762 1096 899 1151 paffim
921 1097 1204 1151 populationes
1240 1097 1375 1138 fache.
1433 1098 1548 1147 Inde,
1579 1112 1684 1152 prae—

377 1161 439 1192 ter
470 1152 747 1194 Interamnam
784 1156 1099 1209 Aquinumque,
1143 1155 1185 1195 in
1216 1156 1503 1211 Fregellanum
1535 1169 1682 1212 agrum

377 1210 427 1251 ad
448 1211 577 1251 Lirim
599 1211 768 1253 fluvium
792 1224 983 1254 ventum:
1016 1213 1084 1254 ubi
1107 1213 1340 1256 intercisum
1355 1224 1524 1269 pontem
1548 1228 1569 1254 a
1586 1214 1684 1254 Fre-

376 1270 546 1323 gellanis
578 1272 765 1311 morandi
806 1271 961 1312 itineris
1002 1271 1120 1313 causa
1156 1272 1324 1313 invenit.
1401 1272 1453 1313 Et
1494 1272 1684 1312 Fulvium

377 1327 612 1369 Vulturnus
634 1338 821 1370 tenuerat
841 1331 987 1380 amnis,
1017 1329 1186 1371 navibus
1209 1330 1258 1371 ab
1280 1330 1515 1372 Hannibale
1543 1330 1684 1371 incen-

379 1386 441 1435 fis,
473 1397 580 1427 rates
601 1388 651 1428 ad
687 1389 972 1444 trajiciendum
1009 1389 1250 1439 exercitum,
1281 1389 1324 1428 in
1361 1387 1510 1444 magna
1545 1386 1684 1443 inopia

379 1446 575 1496 materiae,
606 1461 713 1501 aegre
749 1457 1068 1502 comparantem.
1150 1447 1348 1503 Trajtho
1379 1447 1536 1488 ratibus
1569 1461 1685 1487 exer-

379 1503 481 1554 citu,
521 1505 725 1558 reliquum
761 1506 907 1546 Fulvio
941 1506 1179 1560 expeditum
1211 1505 1302 1555 iter,
1338 1519 1423 1546 non
1455 1520 1527 1560 per
1563 1504 1684 1547 urbes

382 1559 525 1613 modo,
558 1562 623 1603 sed
661 1564 768 1604 circa
800 1563 923 1614 viam,
957 1564 1146 1618 expositis
1167 1562 1342 1619 benigne
1371 1563 1683 1615 commeatibus,

375 1631 459 1661 erat
479 1636 488 1661 z
519 1622 746 1676 alacresque
770 1622 917 1663 milites
939 1623 1040 1663 alius
1062 1622 1203 1674 alium,
1234 1633 1280 1662 ut
1308 1623 1472 1663 adderet
1493 1622 1684 1678 gradum,

376 1693 533 1725 mernor
555 1682 604 1720 ad
626 1680 924 1720 defendendam
957 1681 1014 1721 ire
1034 1681 1225 1734 patriam,
1253 1680 1533 1722 hortabantur.
1596 1681 1685 1721 Ro-

376 1751 485 1777 mam
509 1739 768 1793 Fregellanus
795 1739 986 1788 nuncius,
1017 1739 1126 1779 diem
1147 1739 1395 1793 no&emque
1418 1739 1562 1779 itinere
1584 1753 1684 1780 con-

375 1796 549 1846 tinuato,
580 1798 787 1851 ingentem
806 1797 953 1839 attulit¹
977 1807 1187 1837 terrorem.
1211 1797 1499 1838 tumultuosius
1521 1799 1644 1852 quim
1660 1801 1684 1850 ss

375 1855 545 1895 allatum
599 1865 701 1907 erat,
747 1855 886 1896 cursus
926 1855 1222 1912 hominum,(2)
1263 1855 1546 1911 affingentium
1581 1870 1685 1897 vana

375 1913 539 1963 auditis,
570 1923 696 1953 totam
720 1913 860 1954 urbem
882 1914 1124 1954 conciverat.
1147 1915 1327 1968 ploratus
1349 1915 1568 1954 mulierum
1599 1927 1684 1954 non

375 1986 423 2011 ex
461 1972 624 2025 privatis
656 1971 786 2011 solum
818 1972 1005 2012 domibus
1042 1972 1362 2021 exaudiebatur3
1395 1972 1461 2013 sed
1502 1972 1684 2027 undique

378 2040 588 2079 matronae,
621 2030 660 2069 in
693 2031 905 2085 publicum
926 2030 1076 2079 effusae,
1108 2029 1390 2072 circaDetim
1414 2030 1582 2072 delubra
1603 2030 1684 2071 dis-

378 2100 563 2138 currunt,
613 2089 792 2129 crinibus
846 2088 961 2143 pastis
999 2103 1088 2131 aras
1139 2099 1362 2140 verrentes,
1412 2089 1518 2130 nixae
1567 2089 1682 2145 geni-

1589 2148 1683 2198 bus,

378 2265 555 2298 borchianfi
566 2265 803 2308 interpunctio.
816 2268 850 2297 E.
864 2266 919 2305 (5)
933 2267 1059 2307 Nempe
1071 2265 1139 2303 suc,
1151 2268 1213 2307 Ap.
1228 2265 1357 2298 Claudii
1372 2265 1402 2296 3<
1419 2266 1459 2297 C.
1476 2264 1606 2298 Claudii
1621 2266 1687 2298 Ne·

376 2312 475 2342 sonis.
493 2314 592 2343 Hunc
605 2313 701 2348 enim,
716 2320 890 2354 praetorem
902 2311 977 2342 anni
994 2311 1124 2352 prioris,
1139 2311 1278 2343 accitum
1293 2312 1333 2342 ad
1345 2311 1546 2342 obsidionem
1560 2313 1683 2353 Capuae

379 2355 492 2387 Livius
507 2357 603 2398 supra
619 2358 776 2395 narravit,
788 2358 809 2388 l.
826 2367 877 2396 25.
893 2368 920 2388 c.
937 2366 987 2388 22.
1004 2356 1114 2397 ibique
1129 2365 1319 2398 prorogato,
1330 2364 1365 2387 ut
1377 2357 1519 2394 videtur,
1531 2355 1681 2398 imperio,

377 2413 451 2432 cum
470 2402 748 2434 mantisseconstat
765 2414 803 2434 ex
819 2414 848 2434 c.
870 2412 902 2442 5.
920 2401 1034 2443 supra.
1091 2402 1147 2442 (6)
1171 2402 1256 2433 Setia
1270 2402 1301 2432 ἃ
1320 2405 1407 2434 Cora
1425 2401 1558 2444 proprie
1571 2404 1681 2432 colonie

378 2455 469 2478 erant
492 2448 583 2489 juxta
607 2447 694 2478 viam
713 2447 877 2489 Appiam;
902 2446 1091 2478 Lanuvium
1108 2446 1335 2488 municipium.

424 2494 459 2523 C.
477 2502 504 2532 9.
530 2495 586 2533 (ι)
610 2492 749 2524 Suessula
768 2492 947 2524 Hannibali
966 2493 999 2522 in
1016 2491 1195 2524 Sidicinum
1211 2503 1324 2534 agrum
1347 2491 1484 2534 ingresso
1499 2491 1530 2522 δι
1543 2493 1684 2531 Romam

378 2538 502 2578 petenti
528 2550 546 2568 a
571 2547 662 2580 tergo
686 2547 767 2573 erat,
789 2549 892 2579 quum
911 2538 946 2568 lit
971 2537 1057 2568 inter
1083 2538 1231 2579 Capuam
1261 2537 1292 2568 δε
1322 2537 1441 2568 Nolam
1469 2536 1536 2568 fita.
1593 2537 1680 2578 Lege

376 2581 476 2623 igitur
498 2594 550 2624 per
567 2584 726 2625 Smffanum
749 2597 861 2626 agre-um.
911 2581 1017 2614 Suell‘a
1044 2585 1204 2614 Aurunca
1228 2581 1272 2614 est
1292 2582 1385 2623 juxta
1408 2581 1560 2612 Latinam
1584 2581 1685 2618 viam,

378 2628 521 2667 prullinn
540 2628 625 2658 ultra
643 2629 802 2670 oppidum
818 2629 922 2665 Cales,
942 2630 1081 2658 Romam
1099 2628 1218 2658 versus.
1250 2627 1363 2658 Allifae
1380 2635 1473 2658 erant
1490 2626 1624 2667 quidem
1641 2629 1684 2659 ad

377 2672 492 2703 lnzvam
509 2673 667 2703 Vulturni
688 2687 693 2704 ;
716 2674 767 2704 sed
785 2673 915 2705 fortasse
933 2684 1007 2715 ager
1028 2672 1190 2704 Allifanus
1207 2673 1246 2704 ad
1263 2673 1411 2703 dextram
1428 2682 1560 2713 quoque
1576 2671 1683 2713 ripam

377 2717 604 2760 pertendebat.
654 2719 708 2759 (2)
736 2721 819 2750 lustr]
838 2719 857 2750 l.
881 2728 929 2757 34.
948 2729 974 2748 c.
995 2727 1045 2757 37,
1067 2719 1111 2748 ubi
1125 2731 1207 2759 quum
1224 2731 1269 2755 ea,
1285 2730 1346 2760 φης
1370 2720 1577 2760 Imperarentur
1592 2731 1610 2747 a
1626 2719 1685 2748 Ro-

1580 2775 1688 2802 manns,
