1834 3099
299 180 552 222 LIBER
614 181 753 223 XXX.
813 181 982 222 CAP.
1026 177 1248 221 XXXVI.

106 311 342 366 elephantis
384 314 591 354 undecim.
652 313 849 353 Viffiores
881 314 931 354 ad
968 314 1050 352 duo
1086 311 1215 351 millia
1243 310 1440 351 cecidere.

114 369 340 422 Hannibal,
373 387 469 413 cum
492 372 631 427 paucis
653 371 860 425 equitibus
883 374 989 411 inter
1011 372 1238 411 tumultum
1269 368 1444 423 elapsus,

115 430 396 470 Adrumetum
431 431 635 486 perfugit:
668 430 806 470 omnia
839 432 877 470 δε
917 431 957 469 in
995 430 1159 484 proelio,
1194 431 1231 470 ὅτ
1258 431 1322 482 (r)
1349 437 1443 467 ante

113 487 260 537 aciem,
292 490 528 543 priusquam
571 490 785 530 excederet
826 489 980 544 pugna,
1011 498 1233 542 expertus;
1267 488 1309 526 &
1345 500 1446 526 con-

114 543 281 587 sessione
310 549 434 588 etiam
457 548 677 603 Scipionis,
709 548 979 601 omniumque
1014 547 1240 601 peritorum
1271 545 1446 595 militiae,

115 603 227 644 illam
266 607 431 647 laudem
469 609 658 660 adeptus,
692 607 881 661 singulari
924 617 1008 646 arte
1040 606 1169 646 aciem
1201 619 1251 644 eo
1286 604 1350 644 die
1383 603 1446 642 in-

116 662 311 706 struxisse.
370 665 620 720 Elephantos
644 665 684 703 in
707 665 837 718 prima
854 665 988 704 fronte
1008 681 1016 705 :
1049 678 1227 717 quornm
1250 662 1445 703 fortuitus

116 721 296 776 impetus
331 734 452 778 atque
487 724 752 763 intolerabilis
789 723 866 774 vis,
909 724 1016 778 signa
1057 722 1187 776 sequi,
1218 723 1258 761 ἃ
1290 721 1446 762 servare

116 781 296 832 ordines,
328 783 388 837 (in
412 797 494 837 quo
517 783 743 837 plurimum
759 781 840 836 spei
863 785 1081 836 ponerent)
1114 782 1330 820 Romanos
1352 793 1448 834 pro—

116 839 291 880 hiberet.
352 842 516 881 Deinde
534 841 749 882 auxiliares
771 852 864 881 ante
877 839 1281 895 Karthaginiensium
1302 839 1450 888 aciem,

117 912 170 938 ne
204 898 393 940 homines
431 899 548 939 mixti
587 903 648 954 (2)
677 914 731 940 ex
764 899 995 940 colluvione
1024 899 1212 939 omnium
1244 897 1451 953 gentium,

118 971 222 1010 quos
258 972 342 998 non
380 959 481 1000 fides
515 968 686 1008 teneret,
720 959 793 998 sed*
822 973 994 1008 merces,
1025 957 1201 998 liberum
1237 967 1452 1011 receptum

118 1015 229 1070 fugae
263 1016 472 1059 haberent.
510 1018 627 1058 simul
657 1017 839 1072 primum
879 1019 1067 1058 ardorem
1103 1027 1225 1070 atque
1249 1016 1451 1070 impetum

119 1074 300 1116 hostium
342 1077 596 1131 excipientes
633 1076 880 1132 fatigarent3
927 1091 990 1125 ac,
1023 1079 1085 1131 (3)
1127 1076 1152 1115 si
1190 1074 1292 1115 nihil
1323 1074 1451 1123 aliud,

121 1134 359 1176 vulneribus
391 1135 471 1176 suis
512 1136 670 1176 ferrum
712 1136 857 1176 hostile
892 1135 1147 1176 hebetarent.
1208 1134 1340 1184 Tum,
1383 1132 1453 1174 ubi

121 1193 258 1234 omnis
281 1194 369 1251 spes
401 1196 509 1243 effet,
543 1195 694 1235 milites
729 1193 1091 1250 Karthaginienses
1129 1192 1359 1246 Afrosque:
1391 1201 1453 1241 ut,

123 1252 317 1294 omnibus
331 1253 452 1295 rebus
473 1255 561 1294 aliis
583 1268 718 1307 pares,
749 1268 815 1304 eo,
845 1251 960 1308 quod
984 1253 1132 1308 integri
1155 1267 1250 1293 cum
1280 1251 1385 1292 feffis
1407 1265 1453 1291 ac
1498 1300 1501 1303 Δ

123 1311 268 1352 sauciis
303 1323 550 1368 pugnarent,
582 1312 809 1367 superiores
843 1313 993 1352 effent:
1024 1311 1208 1361 Italicos,
1240 1310 1452 1351 intervallo

123 1384 290 1424 quoque
321 1373 564 1427 diremptos,
598 1373 660 1426 (4)
681 1371 860 1412 incertos
889 1371 985 1412 socii
1008 1385 1058 1410 an
1087 1369 1222 1410 hostes
1242 1369 1380 1418 effeut,
1413 1367 1455 1408 in

121 1428 370 1486 postremam
408 1432 536 1472 aciem
573 1430 814 1471 summotos.
877 1430 973 1471 Hoc
1009 1429 1120 1469 edito
1161 1430 1273 1469 velut
1309 1427 1456 1468 ultimo

122 1487 285 1530 virtutis
327 1503 467 1544 opere,
499 1488 727 1539 Hannibal,
759 1504 890 1544 quum
927 1489 1207 1529 Adrumetum
1230 1486 1456 1542 refugisset,

123 1547 357 1602 accitusque
372 1549 467 1588 inde
484 1548 784 1606 Karthaginem
806 1548 918 1589 sexto
934 1562 980 1588 ac
1002 1547 1206 1602 trigesimo
1219 1545 1310 1601 post
1331 1559 1456 1593 anno,

123 1605 250 1665 quam
271 1621 375 1661 puer
410 1608 505 1648 inde
540 1608 756 1664 profectus
776 1617 877 1656 erat,
908 1606 1083 1655 rediffet,
1115 1604 1236 1648 faffus
1267 1605 1310 1645 in
1344 1604 1457 1644 curia

124 1665 197 1714 est,
230 1680 314 1706 non
354 1667 502 1722 proelio
543 1667 670 1708 modo
708 1666 762 1716 se,
794 1666 862 1707 sed
898 1665 1006 1706 bello
1040 1665 1212 1715 viftum,
1244 1678 1321 1705 nec
1345 1662 1458 1718 spem

124 1723 262 1770 salutis
275 1726 387 1777 alibi,
419 1726 545 1782 quam
567 1727 608 1767 in
626 1741 726 1782 pace
749 1725 1020 1780 impetranda,
1052 1724 1144 1764 effe.

185 1785 391 1828 XXXVI.
422 1786 576 1841 Scipio,
609 1785 826 1827 confestim
864 1800 886 1825 a
909 1783 1057 1838 proelio
1091 1781 1335 1838 expugnatis
1368 1779 1460 1822 hos-

126 1842 232 1886 tium
254 1845 392 1886 castris
411 1844 676 1900 direptisque,
708 1859 805 1885 cum
833 1843 990 1898 ingenti
1023 1843 1160 1896 praeda
1196 1842 1246 1882 ad
1278 1854 1389 1880 mare
1411 1853 1460 1880 ac

128 1916 253 1945 naves
274 1905 423 1952 rediit;
456 1904 610 1944 nuncio
632 1905 773 1956 allato,
805 1903 850 1942 P.
877 1902 1103 1942 Lentulum
1136 1914 1232 1941 cum
1257 1900 1462 1954 quinqua-

130 1963 245 2016 ginta
285 1962 484 2010 rostratis,
536 1972 704 2003 centurn
741 1961 957 2012 onerariis,
1009 1974 1106 2000 cum
1146 1959 1261 1999 omni
1312 1971 1460 2015 genere

131 2020 405 2070 commeatus,
437 2023 488 2061 ad
510 2021 684 2061 Uticam
718 2019 924 2061 acceffiffe.
991 2019 1314 2059 Admovendum
1337 2016 1463 2073 igitur

132 2082 316 2136 undique
366 2091 566 2121 terrorem
617 2079 814 2135 perculsae
851 2077 1097 2134 Karthagini
1154 2087 1283 2127 ratus,
1346 2075 1462 2117 misso

177 2219 216 2251 C,
235 2226 290 2258 35.
309 2214 364 2258 (ι)
380 2214 506 2246 Ordine
522 2213 704 2246 verborum
720 2219 850 2243 mutato
866 2210 1040 2253 legendum
1066 2208 1211 2245 videtur,
1231 2210 1322 2238 omnia
1341 2208 1380 2239 δ’
1396 2214 1466 2238 ante

134 2267 235 2302 aciem,
260 2264 299 2294 {9³
322 2265 352 2293 in
367 2263 483 2302 praelio,
499 2261 670 2302 prinsquam
702 2260 841 2289 excederet
858 2255 966 2299 pugnd,
991 2262 1133 2298 expertus.
1179 2256 1258 2286 Ante
1288 2255 1376 2284 aciem
1407 2253 1465 2284 vix

135 2309 242 2353 potest
255 2308 346 2340 aliud
362 2305 434 2343 esse,
460 2304 561 2347 quam
576 2305 769 2346 priusquam
793 2309 1030 2335 concurrerent
1057 2300 1150 2332 acies.
1172 2300 1228 2342 (2)
1247 2298 1327 2330 Vid.
1344 2306 1414 2329 not.
1431 2297 1465 2329 6.

138 2357 180 2388 ad
194 2367 220 2387 c.
232 2364 284 2393 40.
297 2354 318 2385 l.
337 2352 389 2385 26-
402 2352 514 2394 supra.
561 2350 717 2382 Similiter
734 2350 832 2392 supra
846 2349 868 2380 l.
892 2348 942 2380 28.
957 2358 985 2378 c.
1009 2357 1061 2379 12.
1082 2349 1207 2377 exercitu
1232 2347 1346 2387 nonsuo
1362 2346 1465 2383 civili,

125 2404 182 2444 sed
194 2404 284 2432 mixto
315 2413 347 2430 ex
366 2399 519 2429 colluvione
538 2402 659 2428 omnium
677 2398 816 2439 gentium.
863 2395 921 2435 (3)
938 2393 987 2424 Sic
1002 2393 1099 2435 supra
1126 2392 1146 2423 l.
1173 2402 1202 2424 2.
1221 2403 1250 2422 c.
1267 2401 1321 2430 43.
1339 2393 1465 2433 gradum

136 2449 305 2484 accelerare,
326 2445 430 2488 tumst
455 2445 531 2474 nihil
555 2444 646 2480 aliud,
669 2442 769 2486 instare
786 2441 940 2484 irstrucffis.
970 2439 991 2471 l.
1022 2448 1077 2470 22.
1102 2449 1129 2469 c.
1147 2447 1202 2480 29.
1228 2438 1262 2468 Si
1284 2438 1359 2467 nihil
1374 2438 1467 2471 aliud.

130 2500 284 2538 gratorum
299 2491 373 2522 cert?
386 2493 543 2521 animorum
554 2491 679 2532 gloriam
698 2488 759 2518 &a
790 2488 821 2518 δί
834 2485 926 2518 alibi.
975 2485 1032 2527 (4)
1048 2486 1177 2515 Incertus
1190 2482 1311 2526 paffivft
1326 2481 1468 2514 sumitur

135 2550 200 2589 pro
212 2549 263 2578 eo,
293 2538 334 2572 de
351 2546 418 2579 quo
434 2535 604 2568 dubitatur
619 2547 627 2573 ;
652 2541 691 2566 ut
706 2532 806 2576 supra
823 2532 845 2565 l.
867 2541 921 2572 27.
938 2542 968 2563 c.
986 2540 1039 2572 37.
1057 2532 1145 2563 infra
1162 2530 1183 2563 l.
1203 2539 1258 2571 31.
1270 2540 1302 2560 c.
1322 2537 1375 2561 12.

1341 2622 1470 2667 Laelio

1582 189 1633 232 31

1648 191 1667 207 ρ
