1834 3099
333 162 369 204 L
392 163 408 203 l
431 163 464 203 Β
487 163 520 204 Ε
543 163 582 203 R
617 162 819 204 XXVIII.
850 161 886 204 C
910 164 948 204 A
970 163 1015 205 P.
1052 163 1106 205 11.

57 275 104 316 ab
121 276 232 318 hoste
253 277 442 329 abessent,
474 280 570 321 bina
592 280 719 321 castra
741 279 848 320 circa
865 280 988 327 viam,
1022 277 1102 332 quii
1124 278 1245 330 irent,
1277 279 1379 320 esse:

56 335 154 375 laeva
175 336 418 388 Celtiberos,
452 353 606 379 novum
635 339 878 387 exercitum,
926 338 1043 392 supra
1074 351 1221 377 novem
1251 338 1379 378 millia

54 393 289 447 hominum,
322 397 464 437 dextra
490 398 646 438 Punica
679 408 816 437 tenere
840 399 903 451 (2)
925 397 1065 437 castra.
1089 395 1175 435 haec
1201 395 1382 437 stationi-

58 452 149 501 bus,
195 455 358 508 vigiliis,
390 456 504 495 omni
537 456 644 511 justa
677 455 842 495 militari
866 455 1049 495 custodia
1081 464 1167 493 tuta
1191 458 1231 494 Sc
1262 454 1379 495 lirma

57 511 160 551 effe:
191 512 256 552 illa
280 515 403 554 altera
426 514 554 555 soluta
585 514 872 568 neglectaque,
906 524 950 553 ut
977 513 1242 554 barbarorum
1268 518 1308 554 δε
1333 514 1382 552 ti-

59 583 225 621 ronum,
261 575 299 613 &
326 573 462 613 minus
497 573 747 616 timentium,
781 569 894 626 quod
931 573 971 611 in
1006 571 1073 612 [ιι-ἒ.
1108 571 1214 610 terra
1245 572 1383 612 essent.

58 627 116 668 Ea
140 627 546 686 prius'aggredienda
569 641 680 671 ratus
702 631 881 677 Silanus,
916 631 1023 685 signa
1045 627 1170 684 quam
1207 629 1384 670 maxime

58 687 107 726 ad
127 690 269 728 laevam
287 690 458 744 jubebat
481 689 593 739 ferri,
631 695 645 740 Η
673 689 861 730 necunde
885 689 933 728 ab
951 687 1191 728 stationibus
1218 688 1385 728 Punicis

61 746 377 800 conspiceretur.
412 747 509 802 ipse,
542 748 752 802 przemiffis
789 747 1126 803 speculatoribus,
1159 745 1283 786 citato
1318 761 1387 802 ag-

61 804 171 844 mine
194 807 244 845 ad
267 806 422 846 hostem
439 807 585 861 pergit.

117 863 171 904 ΙΙ.
205 865 304 904 Tria
328 865 454 905 millia
475 864 606 905 ferme
621 863 774 913 aberat,
807 879 936 918 quum
961 867 1021 919 (ι)
1044 863 1257 904 hauddum
1280 863 1390 917 quis-

63 936 186 975 quam
202 922 383 963 hostium
405 923 592 963 senserat.
615 921 854 977 confragosa
877 924 965 964 loca
991 928 1031 965 Sc
1054 922 1179 963 obfita
1200 923 1387 976 virgultis

61 980 489 1036 tenebant(2)colles.
552 982 613 1022 Ibi
647 982 689 1020 in
727 983 823 1022 cava
862 983 978 1031 valle,
1011 992 1132 1036 atque
1165 981 1217 1021 ob
1240 981 1279 1021 id
1319 996 1388 1022 oc-

60 1038 170 1079 culta
193 1042 272 1094 (3),
304 1040 510 1081 confidere
534 1041 722 1089 militem,
759 1043 796 1081 &
822 1041 958 1081 cibum
991 1054 1138 1095 capere
1166 1039 1297 1095 jubet.
1328 1041 1389 1081 in-

62 1097 183 1138 terim
224 1099 512 1154 speculatores,
559 1099 866 1154 transfugarum
913 1100 974 1139 di
965 1100 1022 1139 qa
1058 1105 1082 1153 †
1121 1098 1389 1151 affirmantes,

61 1168 277 1198 venerunt.
338 1158 468 1208 Tum,
502 1158 666 1198 sarcinis
704 1158 745 1196 in
791 1158 976 1198 medium
1014 1157 1230 1214 conjeffls‚
1278 1172 1390 1198 arma

64 1215 245 1256 Romam
261 1227 443 1271 capiunt
477 1216 789 1271 ‘mequewsta
781 1232 820 1256 ln
844 1220 1210 1272 pugnamvadunt.
1271 1216 1392 1258 Mille

64 1275 250 1328 passuum
291 1275 458 1316 aberant
490 1290 620 1330 quum
642 1275 690 1315 ab
711 1275 824 1315 hoste
848 1275 1055 1330 conspecti
1079 1276 1185 1325 sunt,
1216 1275 1394 1330 trepida—

68 1333 187 1387 rique
225 1345 393 1388 repente
425 1346 625 1389 coeptum.
661 1337 701 1375 &
726 1335 853 1389 Mago
885 1348 933 1374 ex
965 1334 1104 1375 castris
1139 1334 1262 1375 citato
1284 1348 1393 1389 equo

68 1393 120 1432 ad
160 1393 342 1458 primum
384 1395 607 1434 clamorem
652 1395 689 1433 &
715 1394 941 1433 tumultun
979 1393 1206 1433 advehitur.
1268 1393 1394 1434 Erant

67 1460 207 1491 autem
229 1451 271 1491 in
295 1451 504 1492 Celtibero
526 1451 710 1492 exercitu
734 1462 909 1506 quatuor
931 1451 1057 1491 millia
1080 1452 1332 1493 scutatorum
1352 1455 1393 1494 δε

70 1510 238 1550 ducenti
267 1510 453 1576 equites,
484 1510 590 1551 hanc
622 1510 774 1575 justam
798 1511 1002 1565 legionem
1023 1512 1084 1565 (δι’
1107 1511 1146 1551 id
1168 1510 1298 1551 ferme
1330 1525 1396 1551 ro-

70 1568 182 1609 boris
204 1569 339 1635 erat)
331 1584 371 1608 m
406 1569 538 1623 prima
571 1570 657 1610 acie
693 1569 825 1610 locat:
858 1580 1030 1618 ceteros,
1063 1571 1195 1610 levem
1217 1579 1398 1610 armatu·

71 1641 176 1677 ram,
207 1627 249 1667 in
273 1627 454 1669 subfidiis
471 1627 619 1682 posuit.
685 1628 830 1687 Qum
868 1628 921 1668 ita
952 1627 1172 1669 instructos
1203 1629 1400 1669 educeret

70 1685 227 1736 castris,
255 1687 428 1728 vixdum
451 1687 492 1726 in
510 1687 683 1742 egressos
698 1688 804 1727 vallo
819 1687 1001 1727 Romani
1017 1687 1097 1741 pila
1116 1688 1394 1743 conjecerunt.

70 1744 295 1787 Subfidunt
315 1745 491 1801 Hispani
514 1744 705 1787 adversus
726 1746 863 1787 emiss'a
886 1747 965 1785 tela
987 1745 1036 1785 ab
1059 1746 1188 1795 hoste,
1221 1746 1316 1786 inde
1349 1746 1400 1785 ad

72 1804 273 1845 mittenda
309 1804 380 1859 ipfi
408 1804 687 1860 consurgunt3
721 1819 814 1859 quae
851 1818 981 1858 quum
1005 1804 1186 1845 Romani
1209 1803 1402 1853 conferti,

74 1872 120 1903 ut
151 1862 295 1912 solent,
341 1863 516 1904 densatis
546 1864 791 1918 excepissent
820 1862 958 1912 scutis,
990 1872 1079 1902 tum
1103 1867 1165 1918 (4)
1198 1876 1269 1917 pes
1306 1875 1403 1902 cum

76 1922 180 1976 pede
221 1923 411 1974 collatus,
446 1925 487 1964 δι
509 1922 654 1979 gladiis
691 1922 778 1978 geri
816 1936 878 1962 res
910 1931 1047 1976 coepta
1067 1922 1137 1962 est.
1202 1921 1402 1963 Ceterum

1212 1979 1404 2033 asperitas

78 2116 167 2167 infra
181 2116 202 2146 l.
216 2126 269 2158 39.
290 2128 317 2149 e.
338 2126 391 2156 27.
438 2117 495 2159 (2)
507 2119 676 2149 Interdum
692 2125 783 2148 tenere
799 2116 946 2148 absolute
965 2115 1101 2158 ponitur
1119 2127 1180 2159 pro
1197 2123 1287 2148 tener-z
1302 2120 1401 2149 locum.

81 2164 132 2193 Slc
161 2163 248 2193 infra
266 2162 288 2192 l.
309 2172 362 2202 32.
382 2174 413 2195 c.
445 2173 478 2202 5.
501 2163 557 2206 qud
589 2165 701 2206 abscisae
729 2172 812 2206 rupes
840 2162 1034 2201 erat1t,statio
1045 2170 1199 2205 paucorum
1225 2172 1405 2195 armatorum

80 2209 200 2240 tenebat.

128 2275 166 2303 C.
182 2282 211 2304 2.
228 2272 285 2314 (ι)
309 2271 358 2303 Sic
380 2274 392 2313 ΙΙ
413 2274 561 2309 nihildum,
584 2274 782 2313 †nullusdum.
832 2272 889 2313 (2)
911 2272 1034 2303 Totam
1050 2272 1186 2304 collium
1203 2273 1320 2304 faciem
1339 2274 1406 2305 ves-

85 2318 225 2350 tiebant.
275 2318 398 2359 Aptius
426 2325 536 2349 tamen
558 2317 623 2349 dici
644 2317 837 2349 viderentur
869 2316 1018 2359 virgultis
1047 2318 1151 2349 teneri
1176 2318 1285 2355 colles,
1308 2323 1407 2360 quam

85 2363 174 2394 locis.
221 2363 410 2394 Crevierius
427 2363 574 2405 legivult
587 2364 673 2406 obsiti,
697 2371 732 2394 ut
747 2363 795 2400 fit,
818 2363 1011 2404 confragosa
1034 2363 1105 2407 loca
1126 2364 1157 2394 &c
1177 2364 1326 2405 virgultis
1347 2366 1407 2397 ob·

87 2409 139 2440 siti
156 2409 253 2440 colles
269 2410 409 2446 tenebant,
431 2419 549 2450 nempe
567 2408 743 2451 regionem,
769 2409 863 2449 hujus
880 2416 975 2439 terrae
992 2408 1108 2441 faciem
1126 2408 1321 2441 obtinebant
1336 2424 1344 2443 ε
1371 2420 1407 2443 ut

88 2465 160 2497 cap.
176 2466 271 2496 praec.
293 2456 402 2485 Punica
419 2462 509 2485 tenere
520 2455 622 2498 cqstra.
660 2454 800 2486 Dukero
816 2465 883 2484 non
900 2454 1037 2485 dubium
1055 2455 1110 2493 est,
1133 2455 1215 2495 quin
1232 2457 1356 2488 tcnebant
1369 2457 1410 2488 de

88 2500 232 2532 hostibus
249 2500 389 2532 dicatur.
434 2501 524 2530 Turn
556 2500 578 2531 si
608 2499 780 2542 vulgatum
809 2499 919 2530 sanum
949 2499 996 2536 fit,
1018 2502 1075 2532 locu
1090 2502 1258 2542 cotfiagqsa
1276 2503 1308 2533 δε
1331 2504 1411 2533 colles

89 2556 149 2588 per
166 2545 353 2588 epexegelin
371 2545 461 2576 dieta
477 2545 565 2577 sunt.
612 2546 669 2577 Ille
686 2556 766 2576 vero
782 2545 875 2588 obſstos
889 2548 1028 2587 virgultis
1045 2549 1147 2577 ..colles
1166 2546 1270 2588 legere
1285 2549 1410 2580 mallet:

94 2593 182 2632 quod
199 2602 266 2622 non
291 2590 488 2632 displiceret,
514 2591 536 2622 fi
553 2591 681 2622 codices
698 2591 901 2622 accederent.
948 2592 1004 2633 (3)
1022 2595 1128 2633 Supra
1147 2592 1169 2622 l.
1190 2602 1243 2624 10.
1260 2604 1288 2625 c.
1314 2603 1364 2632 14.
1384 2597 1413 2624 in

90 2636 193 2668 occult&
205 2639 282 2669 valle
298 2637 442 2678 instrum,
458 2637 481 2669 l.
502 2646 554 2670 21.
572 2648 602 2670 c.
623 2646 679 2678 32.
694 2638 728 2681 fi
740 2637 831 2668 valles
847 2638 1004 2668 occultiores
1031 2638 1192 2681 iaefidffnt.
1243 2639 1300 2681 (4)
1326 2640 1414 2670 lnfrfi

1309 2695 1338 2718 c·
1359 2695 1417 2727 332
