1834 3099
417 195 452 237 L
473 195 540 237 IB
562 196 595 238 E
615 195 656 236 R
690 193 850 236 XXIX.
885 195 920 236 C
946 195 982 236 A
1006 195 1051 236 P.
1086 195 1207 239 XXI.
1633 206 1716 250 247

158 309 210 352 ab
232 309 317 366 ipso
348 312 541 367 Scipione
573 315 755 368 legatum
786 327 883 353 cum
901 313 1067 368 triginta
1098 310 1352 352 nobiliffimis
1371 309 1487 365 equi-

159 379 248 409 tum
284 371 459 422 miffum,
492 373 563 426 qui
601 371 929 430 QPleminium
962 373 1004 411 in
1039 380 1220 421 catenas,
1255 373 1296 412 δε
1318 384 1414 410 cum
1436 383 1486 409 eo
1596 411 1634 421 ..
1689 414 1695 421 ,

158 427 365 471 seditionis
386 431 606 486 principes,
639 431 902 486 conjicerent.
960 431 994 470 Ii
1014 444 1175 480 omnes,
1198 430 1265 469 seu
1283 428 1375 470 ante
1397 428 1488 468 Sci·
1505 411 1713 489 vss'ZZ'gu‘J‘

155 487 306 541 pionis,
339 489 408 529 seu
429 500 519 529 tum
536 490 719 544 praetoris
737 490 863 544 jussu,
895 489 1033 530 traditi
1055 489 1096 528 in
1119 488 1347 529 custodiam
1370 486 1602 543 Rhe-jean.

154 545 278 601 ginis.
336 548 494 589 Praetor
517 548 723 605 legatique
744 548 900 589 Locros
935 547 1113 603 profecti
1145 547 1339 602 primam,
1370 546 1486 586 ficuti

155 606 398 648 mandatum
420 617 521 656 erat,
553 606 762 662 religionis
784 618 925 647 curam
948 607 1142 647 habuere.
1173 619 1341 646 omnem
1374 607 1486 644 enim

154 662 310 704 sacram
351 666 585 720 pecuniam,
636 680 811 719 quaeque
846 667 955 720 apud
998 663 1264 712 Pleminium,
1312 677 1486 718 quaeque

156 725 265 777 apud
303 726 454 766 milites
476 735 578 776 erat,
610 725 894 779 conquilitam‚
928 737 1025 765 cum
1045 724 1092 763 e&
1110 736 1235 777 quam
1256 722 1326 777 ipfi
1350 722 1488 762 secum

153 783 394 835 attulerant,
425 784 467 823 in
489 783 686 823 thesauris
709 783 994 837 reposuerunt,
1027 797 1073 822 ac
1096 781 1301 835 piaculare
1327 780 1486 821 sacrum

153 840 356 882 fecerunt.
381 854 470 883 tum
492 853 658 882 vocatos
680 844 730 883 ad
754 842 999 883 concionem
1026 841 1178 881 milites
1205 848 1355 894 praetor
1376 839 1486 894 figna
1506 829 1696 905 chaejaphecu·

154 909 269 940 extra
313 901 456 941 urbem
495 901 638 941 efferre
669 901 805 957 jubet,
848 901 1059 954 castraque
1096 899 1139 940 in
1179 913 1326 953 campo
1362 882 1693 961 locat,s'¹{Zr'Z,2‚Z‚

154 972 252 998 cum
281 960 394 1015 gravi
415 959 567 1010 edicio,
632 960 673 1000 Si
694 961 778 1015 quis
814 960 918 1000 miles
939 968 1007 1000 ant
1026 960 1065 998 in
1088 959 1177 998 urhe
1198 958 1387 1014 restitiffl’t,
1418 965 1487 997 aut
1493 967 1630 1008 serpinae
1647 979 1694 998 re·

142 1016 272 1072 ficum
311 1019 504 1076 extulfft,
534 1019 632 1073 quod
653 1020 771 1072 snum
805 1034 874 1059 non
908 1019 1000 1076 fft·
1066 1015 1305 1071 Locrerfibus
1326 1017 1371 1072 se
1395 1026 1485 1069 per·
1500 1015 1634 1057 ponitur.

154 1077 316 1127 mittere,
348 1086 405 1127 ut,
437 1080 501 1132 (1)
533 1078 631 1133 qnod
653 1079 721 1134 sici
758 1078 905 1132 quisque
924 1083 950 1131 †
969 1076 1151 1132 cognoffi’t,
1175 1072 1433 1129 prehenderet.
1445 1073 1489 1130 ſs

153 1135 248 1189 quid
279 1151 350 1176 non
365 1145 606 1191 compareret,
639 1145 828 1191 repeteret.
889 1139 996 1176 Ante
1015 1137 1152 1183 omnia,
1184 1135 1299 1174 libera
1328 1141 1485 1187 corpora

145 1194 296 1248 placere
305 1194 392 1250 stne
419 1197 526 1236 mord
549 1195 789 1251 Locretfibus
808 1196 972 1253 restitui.
996 1210 1064 1234 non
1085 1194 1164 1233 levi
1178 1199 1203 1247 †
1218 1193 1485 1248 deficnfftrum

147 1255 282 1307 poend,
314 1257 380 1308 qni
399 1270 468 1294 non
491 1255 713 1312 restitufft.
776 1254 1044 1294 Locrensium
1066 1252 1214 1293 deinde
1240 1253 1485 1292 concionem

153 1310 313 1363 habuit,
347 1323 483 1368 atque,
524 1315 572 1353 iis
592 1314 797 1353 libertatem
833 1313 994 1368 legesque
1016 1309 1114 1368 ficas:
1138 1311 1320 1364 populum
1341 1311 1486 1351 Roma-

153 1385 245 1410 num
246 1372 495 1426 senatumque
516 1373 725 1429 restituere,
759 1371 875 1412 dixit.
928 1371 971 1412 Si
986 1373 1050 1426 qui
1068 1370 1299 1410 Pleminium
1320 1370 1487 1410 aliumve

152 1445 260 1485 quem
281 1431 451 1485 accusare
473 1432 598 1481 vellet,
632 1431 823 1486 Rhegium
826 1430 875 1487 se
897 1429 1138 1487 sequeretur.
1202 1429 1244 1468 Si
1264 1428 1308 1468 de
1329 1428 1382 1468 P.
1408 1428 1487 1468 Sci-

144 1491 254 1543 pione
271 1494 286 1540 ΙΙ
300 1488 453 1542 publice
481 1491 587 1544 queri
618 1490 768 1538 vellent,
800 1505 856 1538 ea,
889 1506 966 1544 quae
987 1489 1124 1529 Locris
1156 1485 1302 1544 nefarie·
1323 1488 1363 1526 in
1385 1487 1489 1527 Deos

153 1547 509 1605 homimyffefac‘la
537 1549 659 1605 effint,
679 1549 786 1604 juſjic
807 1556 876 1588 aut
893 1548 1084 1588 voluntate
1110 1547 1164 1589 P.
1185 1547 1363 1600 Scipionis
1368 1545 1487 1602 faccia

151 1607 230 1665 ff,
261 1607 397 1663 legatos
425 1609 617 1648 mitterent
637 1607 854 1664 Mcffmam
870 1629 885 1653 ‚·
918 1607 969 1647 ibi
984 1607 1030 1662 se
1049 1621 1133 1647 cum
1163 1605 1298 1661 confilio
1321 1605 1488 1659 cognitu-

151 1682 252 1706 rum.
313 1666 538 1707 Locrenses
561 1667 725 1721 praetori
753 1665 993 1722 legatisque,
1026 1669 1068 1708 &
1090 1664 1246 1704 senatui
1267 1677 1313 1704 ac
1332 1664 1486 1718 populo

154 1726 349 1766 Romano
372 1726 522 1781 gratias
544 1739 662 1781 egere
680 1741 688 1766 :
707 1725 816 1781 fiad
822 1725 1064 1768 Pleminium
1083 1723 1333 1781 accusandum
1351 1725 1482 1762 ituros.
1504 1708 1659 1784 sszsli'sg‘]
1680 1755 1706 1785 i-

155 1786 370 1838 Scipionem,
402 1800 617 1840 quanquam
645 1797 785 1839 parum
820 1785 977 1840 injuriis
1010 1784 1182 1824 civitatis
1202 1783 1284 1837 suae
1314 1782 1484 1830 doluerit,
1505 1812 1577 1829 mem
1589 1761 1678 1830 accis?

152 1859 236 1884 eum
258 1845 320 1901 ‘ff'
356 1845 502 1893 virum,
534 1859 641 1899 quem
675 1843 937 1897 amicumsthi,
969 1842 1081 1897 qubm
1112 1843 1318 1889 inimicum,
1349 1840 1485 1882 malint
1493 1846 1576 1886 fizre.

151 1904 228 1959 eff.
241 1913 313 1956 pro
345 1912 441 1942 certo
447 1903 491 1958 fi’
511 1902 656 1954 habere,
687 1917 800 1957 neque
820 1903 942 1959 jlfft‚
975 1915 1089 1954 neque
1117 1900 1307 1939 voluntate
1326 1899 1378 1938 P.
1404 1898 1485 1939 Sci-

146 1963 271 2015 pionis
296 1969 348 2000 tot
367 1970 446 2001 tam
479 1961 642 2017 nefanda
662 1961 842 2016 commffz
859 1979 871 2001 .·
904 1967 972 1999 aut
994 1959 1180 2000 Pleminio
1212 1958 1385 2007 nimium,
1416 1965 1484 1997 aut

136 2019 218 2075 fibi
245 2030 387 2073 parum
422 2020 618 2059 creditum.
681 2019 848 2060 Natura*
890 2017 1037 2074 insitum
1077 2015 1289 2071 quibusdam
1322 2017 1397 2072 effe,
1441 2023 1484 2055 ut
1592 2041 1620 2094 ,f

155 2080 277 2133 magis
290 2079 441 2132 peccari
462 2078 594 2128 nolint,
625 2077 739 2132 quom
748 2078 850 2133 fiztis
879 2077 997 2116 animi
1017 2075 1069 2116 ad
1087 2074 1315 2114 vindicanda
1329 2085 1482 2128 peccata

155 2138 325 2177 habeant.
388 2137 439 2177 Et
460 2136 625 2191 praetori
650 2138 690 2177 ἅτ
715 2139 776 2191 (2)
808 2135 974 2177 consilio
1008 2133 1121 2174 haud
1153 2133 1359 2173 mediocre
1377 2147 1483 2174 onus

154 2198 371 2251 demptum
391 2205 478 2237 erat
503 2196 553 2236 de
574 2194 769 2249 Scipione
790 2193 1075 2250 cognoscendi.
1138 2191 1404 2243 Pleminium,
1439 2194 1481 2233 &

155 2257 205 2296 ad
228 2256 311 2295 duo
337 2257 374 2296 &
406 2254 574 2309 triginta
603 2253 792 2295 homines
815 2267 911 2295 cum
933 2266 982 2293 eo
1013 2252 1328 2303 damnaverunt,
1359 2261 1481 2305 atque

156 2315 195 2354 in
220 2313 374 2355 catenis
400 2314 575 2354 Romam
604 2312 828 2353 miserunt:
860 2312 930 2367 ipfi
962 2311 1013 2352 ad
1034 2309 1271 2364 Scipionem
1303 2308 1482 2364 profecti

155 2373 266 2424 sunt,
299 2382 344 2413 ut
380 2385 428 2413 ea
460 2385 643 2427 quoque,
674 2385 767 2428 quae
801 2371 966 2428 vulgata
988 2368 1241 2414 sermonibus
1282 2378 1399 2409 erant
1433 2370 1482 2408 de

564 2428 568 2432 ’
1370 2427 1485 2469 cultu

204 2570 240 2601 C.
258 2578 310 2602 21·
323 2568 380 2610 (1)
395 2567 504 2600 Plaut.
519 2567 554 2599 in
571 2567 707 2601 curcul.
720 2577 750 2606 4.
767 2577 800 2600 2.
821 2567 875 2601 18.
897 2566 1069 2612 Qibussui
1084 2566 1159 2598 nihil
1172 2564 1223 2606 est.
1274 2563 1346 2597 Cic.
1364 2565 1384 2596 l.
1405 2574 1432 2596 1.
1445 2564 1486 2596 de

159 2614 226 2649 Off.
257 2627 284 2646 c.
317 2625 373 2655 31.
405 2617 475 2657 quid
497 2616 606 2657 quisque
635 2615 738 2646 haheat
752 2617 813 2658 sui.
872 2615 950 2646 Vid.
967 2616 1073 2657 †quod
1096 2615 1217 2657 praedae.
1239 2614 1253 2654 ss
1273 2613 1346 2655 quod
1354 2613 1488 2643 militum.

157 2662 215 2704 (2)
231 2660 307 2694 Vid.
323 2668 393 2694 not.
407 2670 436 2702 3.
453 2661 495 2694 ad
509 2671 582 2705 cap.
598 2670 692 2704 praec.

1275 2721 1333 2765 (3)
1351 2719 1489 2754 Codices
