1860 3099
361 225 396 265 L
420 223 440 265 1
463 223 495 264 Β
512 223 543 265 Ε
561 224 601 265 R
662 222 824 266 XXIII.
887 223 924 265 C
949 226 986 265 A
1011 226 1055 266 P.
1119 221 1280 266 XXVI.
1620 224 1697 267 195

163 340 323 392 consul,
341 342 408 381 cui
427 342 606 397 legiones
639 341 804 381 urbanae
836 340 1072 391 evenissent,
1106 341 1283 381 militum
1302 339 1477 380 sumeret

161 412 361 453 quantum
380 415 483 454 opus
501 401 606 440 effer.
671 400 719 440 C.
741 398 941 439 Terentio
960 399 1115 439 consuli
1133 399 1414 454 propagari(5)
1432 399 1474 437 in

163 471 317 497 annum
341 459 558 512 imperium
582 476 595 498 .·
628 471 760 512 neque
778 459 827 497 de
849 471 898 497 eo
912 457 1109 506 exercitu,
1141 471 1265 511 quem
1298 458 1348 497 ad
1369 472 1488 511 prae-2

163 515 308 555 fidium
328 516 490 570 Apuliae
511 516 693 564 haberet,
712 515 932 569 quicquam
961 516 1104 555 minui.

222 573 385 614 XXVI.
434 575 551 614 Dum
569 574 657 614 haee
681 575 724 613 in
759 573 874 614 Italia
891 583 1091 628 geruntur
1131 583 1476 627 apparanturque‚
1494 569 1548 619 Εἰ]
1568 565 1651 620 gestas
1668 568 1695 597 ¹⁴⁷³

164 631 292 672 nihilo
313 630 476 688 segnius
499 633 539 671 in
556 631 754 686 Hispania
775 631 929 672 bellum
951 643 1062 672 erat:
1093 631 1160 672 sed
1182 633 1232 671 ad
1254 645 1344 671 earn
1366 633 1477 672 diem
1497 614 1655 656 Hffpama.

164 690 294 745 magis
315 691 553 745 prosperum
572 690 784 730 Romanis.
848 691 895 730 P.
922 693 960 731 8<
984 690 1063 730 Cn.
1089 690 1352 744 Scipionibus
1373 691 1479 731 inter

163 747 202 787 se
225 750 381 802 partitis
420 749 571 802 copias,
609 758 655 788 ut
696 749 849 789 Cnaeus
866 749 986 798 terra,
1019 746 1190 789 Publius
1205 748 1376 789 navibus
1392 762 1479 788 rem

166 817 360 860 gereret3
397 807 629 846 Hasdrubal
661 806 888 847 Poenorum
927 808 1164 861 imperator,
1196 807 1332 846 neutri
1373 808 1479 860 parti

165 864 314 904 virium
333 865 425 905 satis
442 864 588 914 fidens,
624 867 768 919 procul
809 865 859 906 ab
898 865 1030 916 hoste,
1071 865 1283 905 intervallo
1309 880 1355 906 ac
1376 866 1478 913 locis

166 932 294 971 tutus,
313 923 475 963 tenebat
498 923 566 964 se:
599 926 660 977 (1)
694 925 829 977 quoad
862 925 1042 963 multum
1075 938 1120 963 ac
1157 923 1229 964 diu
1260 923 1478 964 obtestanti

166 990 343 1034 quatuor
375 981 502 1021 millia
543 982 746 1036 peditum,
785 985 826 1024 &
859 982 1073 1037 quingenti
1089 981 1246 1035 equites
1263 982 1304 1021 in
1319 980 1480 1037 supple-

166 1049 353 1079 mentum
373 1039 473 1079 miffi
493 1054 543 1080 ex
566 1040 704 1080 Africa
720 1040 825 1080 sunt.
887 1041 1020 1091 Turn,
1041 1039 1198 1080 refefih'}
1213 1041 1378 1081 tandem
1396 1041 1480 1095 spe,

166 1097 292 1139 castra
316 1096 484 1152 propius
515 1097 673 1138 hostem
694 1099 821 1139 movit
842 1115 850 1140 :
884 1099 1127 1152 classemque
1151 1102 1190 1140 δε
1218 1098 1300 1153 ipse
1337 1099 1480 1139 instrui

166 1156 380 1210 pararique
396 1156 529 1212 jubet,
547 1158 596 1196 ad
614 1157 761 1197 insulas
776 1157 1105 1210 maritimamque
1121 1172 1234 1197 oram
1251 1159 1481 1198 tutandam.

167 1216 216 1254 111
239 1214 324 1268 ipso
347 1215 504 1268 impetu
524 1216 819 1255 movendarum
841 1217 891 1255 de
919 1215 1078 1270 integro
1112 1230 1266 1265 rerum,
1308 1217 1482 1269 perculit

168 1286 264 1312 eum
283 1272 574 1326 praefec'wrum
596 1273 761 1312 navium
781 1274 958 1313 transitio
983 1289 991 1313 :
1024 1274 1111 1327 qui,
1131 1274 1218 1327 post
1240 1275 1403 1316 classem
1432 1276 1483 1315 ad

169 1331 334 1371 Iberum
353 1345 424 1385 per
445 1345 636 1385 pavorem
659 1332 855 1371 desertam
875 1335 938 1385 (2)
960 1333 1135 1387 graviter
1156 1333 1359 1386 increpiti,
1377 1347 1484 1373 nun-

170 1403 296 1442 quam
318 1389 466 1429 deinde
488 1389 581 1429 satis
603 1389 674 1429 fidi
708 1400 778 1430 aut
816 1391 927 1439 duci,
971 1401 1041 1430 aut
1076 1390 1482 1445 Karthaginiensium

170 1447 292 1488 rebus
310 1446 486 1486 fuerant.
550 1447 802 1487 Feceranthi
825 1448 1047 1502 transfugae
1065 1459 1224 1488 motum
1253 1450 1295 1487 in
1331 1449 1486 1503 Carpe-

172 1506 320 1545 fiorum
343 1516 481 1560 gente,
498 1505 830 1559 desciverantque
848 1507 895 1546 iis
919 1507 1155 1547 auetoribus
1177 1506 1297 1547 urbes
1317 1508 1486 1560 aliquot:

172 1578 253 1604 una
274 1563 398 1603 etiam
413 1563 462 1603 ab
483 1563 575 1620 ipsis
595 1564 635 1603 vi
657 1575 773 1618 capta
796 1564 943 1604 fuerat.
1006 1566 1053 1604 In
1071 1579 1162 1605 eam
1203 1576 1367 1620 gentem
1399 1580 1489 1606 ver-

172 1622 261 1662 sum
282 1621 332 1661 ab
356 1622 557 1662 Romanis
578 1621 732 1662 bellum
754 1622 808 1662 est
832 1639 844 1671 ;
891 1622 1121 1677 infestoque
1162 1624 1343 1664 exercitu
1384 1624 1490 1664 Has-

171 1680 317 1720 drubal
339 1680 532 1734 ingressus
555 1695 700 1735 agrum
730 1681 925 1730 hostium,
961 1687 1021 1736 (3)
1044 1696 1117 1735 pro
1140 1694 1268 1736 captae
1288 1693 1380 1722 ante
1403 1683 1491 1723 dies

173 1753 329 1793 paucos·
353 1739 464 1779 urbis
504 1738 728 1788 moenibus,
766 1740 964 1789 Galbum,
996 1741 1176 1780 nobilem
1206 1740 1492 1795 Carpefiorum

175 1799 339 1846 ducem,
357 1811 453 1840 cum
475 1797 609 1837 valido
628 1797 809 1838 exercitu
825 1798 964 1838 castris
985 1798 1064 1838 sese
1080 1809 1304 1848 tenentem,
1327 1800 1493 1854 aggredi

177 1856 329 1896 statuit.
391 1855 597 1896 Praemiffa
644 1856 770 1911 igitur
809 1857 887 1896 levi
929 1858 1151 1909 armatura,
1200 1873 1291 1911 quae
1329 1859 1494 1898 eliceret

177 1914 313 1956 hostes
335 1915 386 1954 ad
408 1925 633 1964 certamen,
653 1915 838 1968 peditum
872 1926 1029 1969 partem
1065 1917 1115 1956 ad
1157 1917 1492 1971 depopulandum

178 1987 251 2027 per
272 1987 389 2028 agros
411 1972 550 2026 passirn
573 1973 738 2025 dimisit,
776 1984 820 2013 ut
842 1975 1024 2027 palantes
1049 1974 1297 2028 exciperent.
1361 1974 1495 2015 Simul

183 2034 223 2072 &⁷
247 2032 295 2071 ad
312 2031 438 2071 castra
459 2033 661 2071 tumultus
677 2042 780 2082 erat,
798 2035 835 2072 8<
856 2047 927 2086 per
942 2047 1059 2087 agros
1076 2032 1256 2087 fugaque
1281 2035 1318 2073 3<
1343 2034 1494 2080 crede53

178 2089 327 2129 deinde
345 2090 527 2142 undique
550 2089 711 2131 diverfis
734 2091 947 2131 itineribus
969 2105 1098 2144 quum
1122 2091 1163 2130 in
1186 2091 1313 2132 castra
1353 2090 1392 2130 se
1434 2105 1498 2131 re-

181 2147 387 2201 cepissent,
405 2147 507 2187 adeo
522 2153 689 2200 repente
706 2149 867 2189 decessit
890 2149 1036 2190 animis
1067 2164 1208 2203 pavor,
1246 2159 1292 2189 ut
1327 2163 1410 2188 non
1447 2151 1498 2189 ad

185 2206 440 2246 munimenta
462 2205 587 2247 modo
606 2206 863 2247 defendenda
885 2207 976 2248 satis
1013 2208 1245 2248 animorum
1286 2208 1396 2257 effer,
1432 2208 1500 2248 sed

789 2265 829 2306 O
865 2279 888 2308 2
1375 2266 1499 2306 etiam

187 2343 305 2372 mllites.
354 2342 411 2382 (5)
435 2341 469 2373 h.
496 2354 525 2374 e,
552 2343 740 2386 prorogari.
789 2346 876 2376 Suet.
893 2343 927 2375 in
946 2348 1030 2387 Aug.
1059 2355 1088 2375 c.
1117 2353 1169 2385 23.
1196 2345 1504 2388 Proefilibusproqritz-

185 2391 296 2418 ciarum
304 2392 485 2430 propagavit
497 2392 653 2431 imperium.
702 2390 772 2421 Cic.
787 2389 806 2420 l.
826 2399 860 2429 5.
876 2390 917 2421 ad
934 2392 1020 2421 Fam.
1037 2392 1098 2431 Ep.
1122 2400 1171 2429 15.
1182 2403 1214 2420 ea
1227 2394 1304 2428 vita,
1319 2393 1348 2422 in
1362 2391 1416 2432 quii
1432 2392 1505 2422 nihil

185 2435 260 2477 itfit,
275 2435 326 2476 713*st
335 2437 509 2476 propagatio
523 2436 673 2475 miserrimi
689 2438 831 2476 temporis.

234 2497 271 2528 C.
289 2498 340 2528 26.
364 2497 420 2538 (1.)
438 2499 566 2534 Donec,
583 2498 684 2539 usque
716 2499 758 2528 ad
783 2497 817 2528 id
851 2505 981 2539 tempus
1015 2508 1091 2538 quo.
1138 2497 1188 2529 Sic
1206 2497 1293 2529 infra
1319 2510 1347 2530 c.
1377 2508 1430 2538 34.
1457 2503 1507 2541 qui

189 2555 247 2572 rem
258 2551 381 2583 gereret,
398 2547 490 2583 quoad
502 2545 622 2573 Mlcius
640 2544 830 2586 convalufft.
860 2543 946 2573 iufra
974 2543 994 2575 l.
1029 2553 1060 2582 7.
1080 2554 1106 2574 c.
1132 2553 1187 2583 34.
1213 2543 1233 2574 l.
1260 2544 1291 2575 8.
1315 2555 1332 2574 C
1367 2554 1386 2575 2
1405 2545 1435 2576 Sc
1456 2555 1508 2585 23.

189 2587 222 2617 δε
237 2587 316 2618 alibi
333 2587 427 2628 saepe.
472 2589 636 2619 Ianervallo
653 2602 686 2618 ac
702 2591 767 2619 locis
779 2596 870 2626 tutus,
885 2596 922 2619 ut
940 2599 1016 2620 mox
1029 2591 1259 2632 tutztmflumine.
1277 2589 1365 2621 infra
1399 2590 1420 2621 l.
1449 2600 1503 2629 27.

188 2642 219 2663 c.
247 2633 302 2664 18.
326 2632 427 2671 hostem
456 2658 462 2665 .
493 2657 499 2664 .
525 2657 535 2665 .
559 2636 716 2666 intervallo
743 2642 844 2665 tutum.
893 2634 916 2665 l.
946 2635 999 2666 28.
1026 2645 1058 2665 C.
1086 2644 1136 2666 22.
1159 2636 1253 2666 urbem
1284 2643 1335 2665 aut
1356 2636 1419 2678 sttu
1456 2644 1509 2666 aut

188 2681 356 2710 munimento
386 2685 485 2709 tutam.
530 2679 587 2719 (2)
623 2678 698 2710 Vid.
726 2680 822 2722 supr&
842 2679 863 2713 l.
894 2689 945 2711 22.
970 2691 995 2710 c.
1024 2689 1078 2720 19.
1109 2680 1196 2711 Non
1224 2691 1288 2722 pro
1312 2682 1508 2725 Catpfforum

192 2722 366 2764 legendum
380 2723 513 2755 Videtur
533 2725 745 2767 Tartfforum.
796 2726 852 2767 (3)
869 2726 929 2756 Pro
943 2727 1071 2756 moenihus
1086 2724 1120 2757 h.
1141 2736 1167 2756 e.
1183 2733 1261 2757 ante
1277 2725 1405 2757 moeni3.
1455 2726 1510 2758 Sic

192 2768 260 2799 Cic.
276 2779 337 2810 pro
349 2768 427 2799 Mil.
456 2781 485 2800 C.
520 2782 546 2801 1.
563 2772 615 2800 illa
624 2772 770 2814 praefidia,
782 2784 846 2812 quae
857 2778 913 2811 pro
925 2773 1036 2812 templis
1052 2772 1175 2801 omnihus
1192 2774 1320 2802 cernitis.
1394 2772 1512 2802 Paullo

194 2815 267 2844 unt&
282 2816 391 2855 vetfitm
407 2816 442 2845 ab
457 2817 593 2846 Romanis
610 2817 709 2847 bellum
721 2817 771 2855 cst,
789 2816 820 2847 hy
849 2827 878 2847 e.
904 2816 1102 2854 Hasdrubal,
1128 2815 1248 2847 omiffis
1274 2816 1445 2853 Romanis,
1474 2816 1507 2847 ln

1431 2872 1505 2896 (ΖΑΒ
