1860 3099
408 186 635 228 LIBER
669 184 832 226 XXIII.
870 183 1029 224 CAP.
1066 181 1190 224 XIX.
1607 179 1688 231 187

136 304 251 348 circa
266 305 449 359 undique
465 304 681 354 conveAEto,
703 316 833 358 quum
851 301 1065 355 complura
1079 300 1187 339 dolia
1210 296 1463 352 eompleffet,
1486 301 1642 358 castlirsfem

140 365 341 406 nuncium
363 366 413 404 ad
436 364 718 420 magistratum
739 361 965 403 Casilinum
982 363 1046 414 (o)
1067 359 1188 407 misit,
1227 368 1273 397 ut
1304 356 1466 410 excipe·
1485 363 1514 380 ¹¹¹
1531 349 1692 434 ἅᾜῗίζῖ

139 433 233 464 rent
254 424 377 473 dolia,
402 439 493 478 quae
517 422 648 463 amnis
691 420 885 461 deferret.
942 418 1181 472 Insequenti
1222 415 1366 467 nocte,
1403 415 1465 453 in·
1484 407 1684 471 Z'anm„

141 481 265 523 tentis
280 483 473 523 omnibus
491 483 532 522 in
550 481 704 521 fiumen
728 494 773 520 ac
797 479 906 534 spem
922 477 972 518 ab
994 477 1149 517 nuncio
1167 476 1362 516 Romano
1380 472 1466 514 fac·
1485 490 1572 518 titur.

139 550 244 592 tam,
280 542 389 582 dolia
431 541 567 581 medio
609 540 721 580 missa
758 538 869 578 amni
891 536 1154 577 defluxerunt
1178 550 1186 576 :
1253 532 1466 596 aequaliter

141 599 250 649 inter
271 615 415 641 omnes
432 599 690 640 frumentum
708 598 897 639 divisum.
956 596 1004 635 Id
1027 595 1189 649 postero
1210 605 1378 647 quoque
1399 591 1466 656 die

140 672 189 699 ac
210 659 333 699 tertio
350 659 511 700 fa&um
543 658 612 698 est.
648 657 773 697 nocte
807 660 847 698 ὃῑ
871 654 1141 695 mittebantur
1180 655 1219 694 8<
1253 663 1467 706 perveme-

141 717 267 757 bant:
298 722 321 771 ‡
343 732 392 758 eo
425 718 627 759 custodias
650 716 830 756 hostium
851 713 1062 754 fallebant.
1126 711 1334 752 Imbribus
1352 708 1468 773 dein-

139 777 193 817 de
215 777 422 818 continuis
439 777 602 818 citatior
620 776 736 816 solito
752 774 900 823 amnis,
932 771 1158 813 transverso
1180 771 1334 811 vortice
1357 767 1467 832 dolia

142 835 309 890 impulit
327 837 377 876 acl
408 836 556 891 ripam,
587 849 713 889 quam
747 833 884 874 hostes
908 831 1134 872 servabant.
1168 830 1224 870 ibi
1264 829 1467 877 haerentia

141 894 248 934 inter
268 893 417 935 obnata
439 895 537 950 ripis
574 893 714 934 salicta
757 892 1095 947 conspiciuntur:
1139 888 1466 940 nunciatumque

144 952 372 993 Hannibali
390 954 462 1003 est,
482 957 523 995 δε
547 954 694 993 deinde
719 955 780 1008 (7)
805 951 1026 992 intentiore
1057 948 1241 991 custodia
1281 956 1466 994 cautum,

143 1025 195 1052 ne
218 1011 318 1066 quid
348 1016 372 1065 ss
392 1013 551 1053 falleret
572 1013 786 1052 Vulturno
813 1012 864 1051 ad
901 1010 1047 1051 urbem
1084 1009 1259 1048 miss'um.
1321 1006 1466 1046 Nuces
1487 1012 1589 1044 Nuce:
1619 1012 1699 1062 ,εἰμὴ

143 1080 284 1111 tamen
308 1070 408 1112 fusae
431 1071 480 1112 ab
504 1071 707 1111 Romanis
725 1071 880 1119 castris,
927 1084 1057 1124 quum
1092 1067 1230 1108 medio
1259 1064 1372 1105 amni
1413 1063 1464 1132 ad
1483 1057 1701 1134 JYZ’MCQJZJ‘

141 1129 368 1170 Cafilinum
382 1131 624 1180 defluerent,
657 1130 837 1171 cratibus
865 1128 1188 1184 excipiebantur.
1250 1124 1464 1167 Postremo
1481 1120 1574 1192 lisque
1601 1110 1686 1180 πίῃ,

146 1189 198 1228 ad
221 1189 261 1229 id
273 1199 444 1230 ventum
466 1190 616 1244 inopiae
638 1190 711 1239 est,
735 1200 780 1229 ut
801 1190 887 1229 lora
909 1186 1192 1240 detractasque
1215 1184 1340 1225 scutis
1379 1182 1467 1237 pel-
1482 1188 1605 1227 dham,

143 1247 219 1296 les,
243 1247 312 1287 ubi
334 1247 491 1289 fervida
505 1249 722 1289 mollifl'ent
739 1249 857 1302 aqua,
876 1247 1070 1287 mandere
1093 1255 1357 1292 conarentur,
1390 1254 1467 1281 nec

146 1306 333 1347 muribus
356 1308 485 1349 aliove
502 1308 668 1348 animali
710 1307 974 1358 abstinerent,
1010 1309 1046 1348 δι
1092 1318 1216 1346 omne
1246 1301 1470 1344 herbarum

147 1365 417 1419 radicumque
439 1381 570 1423 genus
593 1366 810 1422 aggeribus
842 1365 996 1406 infimis
1033 1365 1141 1405 muri
1158 1371 1378 1410 eruerent3
1410 1362 1472 1409 δε,

147 1438 279 1478 quum
296 1423 432 1466 hostes
448 1425 719 1480 obaraffent(8
733 1436 758 1476 j,
776 1424 974 1480 quicquid
995 1423 1156 1464 herbidi
1176 1420 1329 1462 terreni
1357 1428 1472 1460 extra

148 1497 316 1523 murum
339 1494 440 1534 erat,
474 1498 669 1539 raporum
702 1484 839 1524 semen
870 1483 1119 1539 injecerunt,
1155 1491 1202 1522 ut
1240 1476 1473 1528 Hannibal,

141 1542 254 1582 -Eone
269 1542 392 1597 usque,
410 1543 498 1584 dum
532 1560 575 1584 ea
611 1543 832 1599 nasi-antur,
857 1543 910 1582 ad
931 1541 1138 1598 Ccfilinum
1148 1542 1316 1599 saffo-us
1328 1538 1423 1596 sum
1447 1538 1470 1575 :⁹

147 1601 430 1644 exclamaret:
465 1605 523 1655 ἃ,
556 1603 626 1657 qui
657 1603 813 1642 nullam
849 1612 968 1642 antea
1018 1600 1257 1656 pactionem
1304 1596 1473 1640 auribus

149 1659 382 1710 admiserat,
403 1671 493 1702 tum
521 1662 692 1702 demum
715 1661 780 1717 agi
801 1660 939 1702 secum
974 1659 1032 1701 est
1064 1661 1196 1715 paffus
1211 1661 1261 1701 de
1283 1660 1475 1709 redemp-

150 1718 263 1759 tione
279 1721 343 1775 (9)
378 1720 604 1761 liberorum
644 1721 841 1775 capitum.
909 1723 1005 1774 (10)
1036 1719 1267 1774 Septunces
1299 1718 1388 1760 auri
1431 1716 1474 1754 in

149 1777 328 1833 fingulos
351 1780 531 1833 pretium
553 1780 760 1821 convenit.
823 1778 923 1820 Fide
956 1781 1139 1834 accepta,
1180 1779 1260 1820 sese
1296 1775 1478 1819 tradide-

149 1847 274 1879 runt:
305 1839 438 1879 donec
451 1853 574 1879 omne
592 1854 737 1879 aurum
761 1837 1015 1893 persolutum
1037 1839 1111 1889 est,
1130 1839 1170 1879 in
1202 1838 1378 1880 vinculis
1405 1837 1479 1880 ha-

149 1894 250 1938 biti:
283 1906 372 1938 tum
388 1898 536 1939 remissi
559 1899 718 1939 Cumas
739 1912 835 1938 cum
859 1896 955 1938 fide.
1018 1898 1065 1938 Id
1089 1899 1222 1939 verius
1256 1898 1329 1948 est,
1352 1896 1478 1953 quam
1500 1903 1665 1934 Hannibali

153 1955 204 1996 ab
221 1955 360 2011 equite
400 1957 443 1997 in
474 1956 672 2000 abeuntes
714 1957 889 2000 immiffo
922 1957 1179 2000 interfeetos.
1237 1958 1475 2001 Praenestin'
1497 1949 1702 2004 “fd‘'‘m'c‘fi‘

146 2016 338 2057 -maxima
373 2031 468 2071 pars
485 2016 616 2059 fuere.
653 2031 703 2058 ex
742 2016 980 2072 quingentis
1021 2016 1294 2075 septuaginta,
1330 2017 1401 2073 qui
1431 2018 1475 2058 in

1496 1998 1601 2027 lurum.

155 2133 212 2176 (6)
236 2133 384 2177 Intellige
397 2137 471 2177 mg'stt
501 2137 657 2180 Cqfilinum
683 2139 724 2168 ad
749 2136 964 2179 magistratum.
1024 2138 1091 2168 Pro
1117 2138 1280 2181 compltffit‚
1302 2138 1479 2180 legendum

149 2180 297 2219 videtur,
308 2192 384 2214 cum
400 2192 467 2213 uno
483 2183 751 2226 codice‚impleffet
796 2182 958 2225 ingratius
974 2182 1062 2214 enim
1079 2183 1133 2222 est,
1147 2192 1265 2226 quater
1276 2197 1348 2222 cum,
1361 2197 1430 2222 com,
1445 2183 1480 2216 in

155 2226 306 2271 quinque
343 2226 480 2260 vocibus
524 2229 640 2270 repeti.
685 2231 742 2271 (7)
776 2230 826 2263 Sic
854 2228 953 2272 supra
978 2230 1000 2261 l.
1026 2239 1058 2268 5.
1082 2240 1109 2260 c.
1134 2240 1187 2268 47.
1211 2232 1280 2261 Inde
1315 2233 1480 2262 intentiores

156 2276 290 2316 utrinque
301 2274 433 2313 custodiae
448 2275 507 2318 ff.
539 2275 671 2306 &infra
695 2276 716 2306 l.
741 2286 796 2317 39.
822 2288 849 2309 c.
875 2286 926 2318 29.
951 2275 1108 2307 Similiter
1131 2278 1266 2307 intentior
1290 2289 1360 2307 cura
1378 2276 1480 2319 supr}¹

158 2321 183 2352 l.
208 2331 241 2358 4.
269 2330 296 2351 c.
321 2319 374 2351 26.
402 2320 434 2350 &
460 2319 552 2352 alibi.
576 2322 708 2352 intentis„
728 2321 859 2365 czstodir'e
881 2321 969 2353 infra
993 2321 1016 2352 l.
1043 2331 1095 2360 25.
1122 2332 1150 2352 c.
1177 2331 1233 2362 23.
1281 2322 1338 2363 (8)
1350 2323 1481 2354 Locum

159 2367 343 2398 obaratunt
363 2365 525 2403 Poeni,ut‚
538 2366 648 2398 herbis
664 2378 702 2398 ac
720 2367 887 2399 radicibus
917 2366 1108 2410 p’crernptiS,
1138 2367 1201 2398 hoc
1228 2377 1363 2409 quoque
1391 2369 1482 2400 Cafi-

157 2411 319 2444 linatibus
335 2411 490 2443 adversus
514 2413 636 2444 famem
652 2412 811 2444 auxilium
843 2414 1039 2445 adimerent.
1088 2413 1249 2444 Her-[siclum
1272 2420 1414 2445 terrenum
1435 2415 1483 2447 est

157 2466 260 2496 terra,
269 2457 305 2488 in
322 2458 387 2498 qua
400 2457 505 2489 herba
517 2458 644 2490 crescit.
691 2459 769 2490 Hoc
801 2459 894 2491 sensu
915 2467 1057 2490 terrenum
1074 2459 1165 2500 apud
1194 2459 1413 2492 Columellam
1436 2460 1485 2492 est

157 2506 323 2545 frequens.
373 2502 529 2535 Similiter
553 2506 621 2536 fere
632 2513 747 2548 campus
778 2512 903 2536 terrenus
920 2505 1007 2536 infra
1034 2505 1057 2536 l.
1085 2514 1136 2544 33.
1160 2516 1186 2536 c.
1215 2505 1263 2537 18.
1285 2509 1485 2538 terrmicolle:

158 2550 181 2581 l.
207 2550 261 2589 38.
283 2560 312 2581 c.
336 2558 390 2581 20.
417 2548 541 2592 Saepius
557 2550 657 2582 etiam
673 2552 803 2582 herbidus
827 2551 917 2592 apud
928 2551 1062 2582 Livium
1075 2551 1244 2583 occurrit:
1272 2558 1309 2583 ut
1333 2552 1433 2594 supra
1461 2553 1486 2585 1.

162 2606 191 2627 1.
214 2607 243 2628 c.
268 2603 300 2635 7.
327 2595 347 2626 l.
375 2605 408 2636 9.
435 2606 465 2627 c.
494 2605 527 2628 2.
574 2597 632 2638 (9)
657 2597 784 2628 Infral.
814 2606 867 2638 29.
893 2608 922 2629 c.
950 2606 1004 2638 29.
1022 2602 1078 2628 σᾶ,
1090 2599 1188 2628 millia
1204 2599 1356 2630 liberorum
1376 2600 1484 2640 fimo·

157 2654 276 2686 rumque
284 2644 412 2687 capitum
431 2644 504 2685 sunt
519 2650 618 2688 capta.
662 2644 742 2686 (ιο)
760 2644 908 2687 Septenae
923 2643 998 2676 auri
1014 2641 1116 2676 unciae
1130 2642 1166 2675 in
1181 2643 1332 2688 fingulos.

1294 2686 1480 2744 praefidio
