1834 3099
455 167 696 211 LIBER
729 168 892 213 XXVI.
927 167 1086 212 CAP.
1122 167 1283 211 XXIX.

200 285 357 343 elcffim‚
388 287 451 327 cui
473 286 524 328 T.
558 287 745 329 Otacilius
771 285 991 343 praefinff’t,
1027 285 1272 342 Siciliamque
1298 286 1539 342 provInciam

198 361 284 386 cum
305 345 360 386 L.
388 347 515 387 Cincio
531 355 689 400 praetore
707 347 898 388 obtineret.
941 345 1160 399 Exercitus
1183 346 1241 387 eis
1262 346 1346 386 duo
1369 344 1541 395 decreti,

199 403 273 458 qui
310 404 352 451 in
393 404 556 446 Etruria
587 403 805 460 Galliaque
841 405 980 445 effent.
1020 418 1081 446 eae
1118 414 1297 459 quatuor
1331 414 1449 450 erant
1483 405 1542 445 le·-

198 462 357 519 giones.
398 467 461 519 (2)
495 465 661 506 urbanae
694 465 787 505 duae
824 462 1044 519 superioris
1087 463 1183 503 anni
1218 463 1259 503 in
1299 462 1541 514 Etruriam·,

200 523 310 572 duae,
343 523 494 577 quibus
516 523 724 578 Sulpicius
747 523 890 564 consul
917 521 1155 578 praefuisset,
1179 522 1220 563 in
1239 522 1422 563 Galliam
1445 522 1542 563 mit-

198 591 397 624 terentur.
447 583 597 624 Galliae
639 585 677 624 δε
716 582 948 637 legionibus
989 582 1187 637 praeeffet,
1222 595 1348 637 quern
1382 580 1540 630 consul,

198 641 319 696 cujus
342 641 458 683 Italia
480 641 689 697 provincia
712 641 823 691 effer,
856 640 1111 696 praefecifl'et.
1170 640 1218 681 In
1249 640 1460 683 Etruriam
1491 639 1539 682 C.

200 699 468 754 Calpurnius,
501 700 589 755 post
613 713 835 755 praeturam
860 712 1081 756 prorogato
1112 700 1152 741 in
1176 714 1334 741 annum
1352 698 1543 755 imperio,

200 758 366 808 miffus;
403 763 443 801 &
468 760 540 817 Q
557 760 702 800 Fulvio
725 760 868 814 Capua
898 759 1108 814 provincia
1136 762 1315 809 decreta,
1347 773 1544 814 proroga-

199 827 373 872 tumque
406 820 449 858 in
481 833 637 860 annum
671 819 908 873 imperium.
970 819 1190 862 Exercitus
1225 818 1381 861 civium
1414 817 1544 859 socio-

198 891 375 932 rumque
400 877 530 919 minui
550 878 693 933 jussus,
729 891 772 918 ut
794 893 844 918 ex
867 877 1027 919 duabus
1057 877 1289 933 legionibus
1313 891 1394 918 una
1418 876 1547 933 legio,

197 937 383 991 quinque
402 937 528 978 millia
546 938 733 992 pedi-um
755 942 791 978 ὅ(
812 938 986 979 trecenti
1003 937 1162 992 equites
1180 937 1306 978 effent
1324 953 1336 986 ;
1359 935 1545 986 dimiffis,

198 996 270 1050 qui
289 995 466 1050 plurima
489 995 688 1052 stipendia
707 997 903 1037 haberent
924 1013 932 1037 ε
955 1000 991 1038 &
1015 996 1220 1037 sociorum
1237 995 1392 1051 septem
1414 994 1543 1037 millia

198 1055 388 1110 peditum
411 1058 452 1098 δε
471 1056 643 1096 trecenti
667 1056 826 1110 equites
850 1057 1200 1110 relinquerentur,
1216 1056 1360 1097 effidem
1383 1055 1542 1096 ratione

199 1113 498 1169 stipendiorum
533 1114 673 1157 habita
713 1116 753 1155 in
791 1115 999 1156 veteribus
1036 1115 1237 1156 militibus
1269 1113 1540 1155 dimittendis.

197 1173 275 1213 Cn.
316 1174 462 1214 Fulvio
506 1173 664 1215 consuli
708 1174 928 1229 superioris
961 1175 1074 1224 anni,
1122 1189 1198 1216 nec
1237 1174 1288 1214 de
1331 1173 1543 1229 provincia

200 1233 370 1287 Apulia,
404 1247 479 1274 nec
503 1234 553 1273 de
571 1233 773 1284 exercitu,
807 1248 932 1288 quem
955 1233 1170 1283 habuerat,
1202 1233 1428 1288 quicquam
1450 1246 1542 1276 mu-

198 1302 347 1333 tatum.
378 1290 542 1333 tantum
568 1293 609 1333 in
632 1307 788 1334 annum
821 1304 1091 1348 prorogatum
1126 1292 1349 1349 imperium
1383 1291 1454 1334 est.
1497 1292 1541 1335 Ρ.

197 1351 409 1406 Sulpicius
431 1353 588 1408 collega
620 1353 710 1408 ejus
748 1366 917 1393 omnem
952 1352 1196 1401 exercitum,
1230 1361 1379 1408 preeter
1410 1350 1541 1392 soci-os

197 1411 377 1457 navales,
407 1411 536 1466 juffiis
560 1411 766 1452 dimittere
790 1411 860 1452 est.
923 1412 1027 1452 Item
1062 1426 1112 1452 ex
1145 1411 1284 1452 Sicilia
1320 1410 1540 1454 exercitus,

195 1469 264 1510 cui
290 1469 352 1510 M.
376 1468 597 1511 Cornelius
632 1471 828 1525 praeeffet‚
862 1470 931 1512 ubi
957 1470 1097 1512 consul
1122 1470 1163 1512 in
1195 1469 1450 1526 provinciam
1473 1480 1543 1509 ve*

196 1528 328 1580 niffet,
351 1528 503 1569 dimitti
522 1529 664 1585 jussus.
729 1532 792 1585 (3)
810 1530 860 1571 L.
878 1530 1028 1572 Cincio
1052 1529 1216 1585 praetori
1239 1530 1327 1585 ad†
1350 1528 1543 1569 obtineri-2

195 1589 291 1629 dam
315 1587 499 1630 Siciliam
524 1587 761 1630 Cannenses
785 1588 934 1630 milites
955 1590 1054 1637 dati,
1071 1589 1249 1629 duarum
1267 1587 1390 1629 instar
1412 1586 1542 1643 legio-

196 1662 315 1688 num.
378 1647 577 1689 Fotidem
602 1648 824 1704 legiones'
816 1663 857 1689 n
889 1647 1123 1689 Sardiniam
1157 1649 1198 1690 Ρ.
1241 1647 1405 1688 Manlio
1434 1645 1542 1689 Vul-

197 1706 284 1748 soni
294 1707 471 1778 praetori
494 1708 685 1756 decretae,
719 1708 869 1762 quibus
886 1708 935 1750 L.
960 1707 1179 1750 Cornelius
1211 1707 1254 1748 iu
1276 1707 1419 1747 eadem
1444 1719 1540 1760 pro-

195 1766 329 1808 vincia
353 1766 487 1821 priore
518 1782 627 1807 anno
651 1766 884 1822 praefuerat.
949 1766 1144 1808 Urbanas
1167 1767 1351 1823 legiones
1373 1765 1427 1806 ita
1445 1763 1541 1805 scri-

195 1825 290 1867 bere
333 1823 521 1867 consules
550 1826 654 1881 jum,
690 1841 740 1867 ne
782 1841 907 1881 quem
949 1826 1125 1867 militem
1160 1825 1359 1874 facerent,
1392 1823 1464 1880 qui
1496 1823 1540 1864 in

195 1884 380 1926 exercitu
413 1885 476 1927 Μ.
499 1885 680 1935 Claudii,
706 1887 766 1926 M.
795 1885 965 1934 Valerii,
1002 1886 1056 1942 Q.
1082 1885 1232 1936 Fulvii,
1264 1884 1541 1937 fuiss'ent(4)⁴,

1706 187 1762 230 43

196 1958 299 1985 neve
321 1959 370 1984 eo
392 1959 500 1985 anno
530 1946 686 2000 plures,
719 1959 846 2000 quarn
871 1960 952 1986 una
983 1947 1021 1987 &
1057 1944 1221 2001 viginti,
1255 1943 1461 1987 Romanae
1482 1942 1539 1987 le-
1559 1963 1695 2007 Lfflm,
1715 1974 1766 1998 2¹

196 2003 340 2061 giones
362 2003 501 2044 effent.

256 2061 406 2104 XXIX
452 2062 532 2103 His
570 2061 928 2103 senatusconsultis
961 2061 1158 2117 perfeEtis
1179 2063 1259 2116 (1),
1277 2059 1408 2101 sortiti
1445 2073 1540 2116 pro·
1561 2077 1714 2110 Mamm,

196 2121 352 2166 vincias
374 2120 574 2163 consules.
636 2121 777 2162 Sicilia
812 2124 854 2164 δι
887 2121 1016 2164 claffis
1046 2121 1268 2170 Marcello,
1302 2120 1418 2161 Italia
1442 2134 1541 2161 cum
1559 2125 1671 2155 obvenit
1685 2126 1758 2158 Sici-

1432 2177 1541 2220 bello
1557 2172 1616 2204 ¹¹⁰·

193 2316 269 2361 fft,
318 2313 375 2356 (2)
396 2311 520 2354 Supple
537 2314 672 2343 decretum
689 2314 708 2353 †
730 2319 771 2343 ut.
820 2312 878 2354 (ς)
900 2314 941 2344 Ν
947 2323 978 2344 ›n
995 2320 1158 2345 memorat
1176 2280 1230 2344 hle
1256 2312 1379 2345 sortem
1393 2314 1544 2346 duorum

194 2362 338 2394 aliorum
362 2367 557 2401 praetorum.
603 2359 665 2390 Sed
693 2361 729 2389 l.
756 2359 926 2390 Manlium
955 2370 1021 2400 pra
1028 2367 1136 2390 torem
1163 2359 1331 2390 urbanum
1349 2359 1442 2392 fuiss'e
1459 2360 1540 2394 dicit

193 2408 281 2440 infra
302 2407 320 2438 l.
350 2415 402 2444 2.7
421 2416 450 2438 c
471 2415 499 2442 4.
523 2407 559 2435 C.
587 2405 614 2435 1
617 2403 770 2436 aetorium
796 2404 940 2437 Galliam
964 2404 1141 2436 obtinuiss‘e
1159 2404 1205 2437 ib.
1231 2416 1259 2436 c.
1281 2414 1307 2444 7.
1332 2415 1451 2448 nempe
1468 2406 1542 2448 post

192 2455 376 2486 adventum
396 2449 520 2482 Laevini
539 2449 682 2481 consulis
702 2462 719 2481 e
738 2449 878 2482 Graecia.
927 2450 984 2481 me
1004 2450 1105 2493 igitur
1131 2450 1267 2482 videtur
1285 2450 1429 2492 primum
1443 2451 1540 2494 juris-

193 2500 376 2534 dictionem
392 2495 604 2539 peregrinam
621 2495 775 2528 habuisse.
822 2498 879 2537 (4)
903 2498 986 2527 Sunt
1005 2496 1173 2539 quifuiffet
1188 2496 1321 2528 volunt.
1370 2499 1434 2529 Sed
1449 2508 1540 2530 com-

193 2546 291 2578 mode
309 2543 456 2586 expediri
476 2541 579 2584 potest
597 2541 706 2574 oratio
730 2541 964 2574 1'11binteue6to
978 2542 1192 2585 pronomine,
1214 2544 1306 2585 quod
1329 2542 1415 2586 saepe
1439 2544 1538 2577 omit.

195 2591 292 2630 titur,
314 2602 408 2622 eorum
422 2603 430 2619 .·
459 2602 491 2619 ne
505 2601 584 2630 quem
597 2602 703 2627 eorum,
724 2589 912 2632 quisuiffi’nt.

241 2638 279 2672 C.
310 2647 365 2679 29.
389 2635 446 2676 (s)
471 2635 515 2668 H.
532 2645 559 2667 e.
585 2635 703 2667 saetis:
731 2642 768 2669 ut
800 2634 899 2680 supi-51
917 2634 938 2667 l.
966 2643 1022 2670 22.
1041 2644 1068 2669 c.
1095 2644 1146 2670 10.
1196 2636 1259 2668 Hi,
1282 2635 1535 2726 finarum-officis

1393 2690 1449 2730 pen
1469 2685 1536 2719 offis
