1834 3099
89 168 173 214 234
820 162 874 206 T.
938 158 1146 207 LIVII

315 279 480 320 consule
503 279 543 321 in
567 279 739 323 Bruttiis
757 281 1022 324 comitiorum
1043 283 1160 324 caus&
1182 283 1653 340 dietus,'exercitusqae

312 340 403 395 ejus
458 338 661 381 dimiss'us:
715 341 908 397 magister
955 343 1144 397 equitum
1184 342 1235 384 L.
1276 345 1476 385 Veturius
1512 345 1649 387 Philo.

311 398 490 439 Comitia
514 414 586 453 per
618 399 866 441 distatorem
888 401 1041 442 habita.
1103 402 1304 443 Consules
1327 402 1429 445 faeti
1459 404 1522 445 M
1544 405 1651 446 Cor·.

309 457 444 500 nelius
493 458 720 515 Cethegus,
781 460 830 501 P.
881 460 1150 516 Sempronius
1200 462 1438 504 Tuditanus
1488 462 1649 513 absens,

309 520 373 573 (5)
396 532 526 572 quum
556 519 811 574 provinciam
837 520 1045 562 Graeciam
1078 520 1262 562 haberet.
1326 523 1527 563 Praetores
1550 522 1646 563 inde

308 577 450 629 creati,
482 577 551 617 Ti.
576 577 775 620 Claudius
797 579 928 630 Nero,
961 580 1024 620 M.
1063 580 1251 621 Marcius
1278 581 1415 630 Ralla,
1448 581 1498 622 L.
1534 581 1647 622 Scri-

306 634 456 677 bonius
478 636 600 688 Libo,
631 639 698 679 M.
720 638 978 694 Pomponius
1008 638 1172 681 Matho.
1236 640 1428 681 Comitiis
1450 640 1645 695 perastis,

303 694 483 737 dictator
523 697 605 738 sese
643 697 882 753 magistratu
919 697 1136 740 abdicavit.
1198 699 1309 740 Ludi
1344 699 1529 740 Romani
1566 710 1644 750 ter,

304 753 453 808 plebeii
474 755 622 812 septies
643 756 870 798 instaurati.
932 757 1109 798 Curules
1132 769 1246 799 erant
1269 759 1408 800 aediles
1427 759 1505 800 Cn.
1529 761 1566 800 &
1590 759 1642 801 L.

304 812 488 855 Cornelii
526 816 710 856 Lentuli.
773 816 930 858 Lucius
952 816 1194 871 Hispaniam
1228 817 1484 872 provinciam
1515 816 1643 859 habe-

304 873 402 914 bat:
443 874 586 916 absens
623 885 801 928 creatus,
833 875 977 917 absens
1017 890 1113 916 eum
1147 876 1349 917 honorem
1381 877 1508 933 geffit.
1570 877 1640 918 Ti.
1683 885 1686 888 ’

302 932 505 975 Claudius
528 934 687 975 Asellus
712 937 751 977 &
778 935 843 976 M.
867 935 1018 988 Junius
1037 937 1201 976 Pennus
1216 936 1365 990 plebeii
1388 936 1527 977 aediles
1548 935 1641 978 fue-

301 1002 412 1033 runt.
476 993 631 1034 AEdem
652 993 835 1035 Virtutis
856 1008 907 1034 eo
929 1007 1038 1033 anno
1061 994 1113 1034 ad
1139 1005 1303 1051 portam
1327 996 1538 1050 Capenam
1577 999 1639 1038 M.

298 1050 527 1093 Marcellus
544 1052 762 1106 dedicavit,
796 1052 1135 1108 septimodecimo
1152 1068 1260 1094 anno
1283 1054 1499 1109 postquam
1522 1069 1544 1095 a
1565 1070 1638 1110 pa-

299 1118 361 1150 tre
383 1111 472 1168 ejus
489 1112 624 1166 primo
643 1112 858 1153 consulatu
876 1121 969 1152 vota
991 1111 1034 1152 in
1052 1112 1189 1153 Gallis
1211 1114 1260 1153 ad
1283 1113 1526 1153 Clastidium
1545 1112 1638 1154 fue-

298 1178 374 1212 rat.
432 1171 484 1212 Et
514 1173 576 1227 (6)
599 1171 750 1212 flamen
782 1170 990 1213 Martialis
1021 1185 1070 1212 eo
1105 1186 1213 1212 anno
1249 1171 1308 1213 est
1345 1182 1537 1214 mortuus
1567 1172 1635 1215 Μ.

296 1229 496 1273 AEmilius
513 1230 717 1287 Regillus.

355 1288 451 1330 XII.
477 1289 694 1345 Neglesltae
722 1303 771 1331 eo
797 1289 967 1331 biennio
990 1304 1054 1331 res
1081 1289 1122 1330 in
1146 1290 1310 1331 Graecizi
1337 1299 1469 1331 erant.
1491 1291 1634 1346 itaque

294 1347 513 1404 Philippus
536 1349 714 1396 AEtolos‚
743 1349 924 1390 desertos
942 1348 991 1390 ab
1006 1349 1230 1400 Romanis,
1261 1350 1329 1391 cui
1353 1349 1426 1390 uni
1450 1349 1635 1392 fidebant

68 1412 277 1456 AEtolipaeem
296 1407 467 1460 auxilio,
497 1408 648 1464 quibus
667 1408 798 1450 voluit
814 1407 1139 1458 conditionibus,
1171 1409 1222 1450 ad
1250 1411 1472 1465 petendam
1495 1412 1537 1451 δε
1559 1425 1633 1465 pa-

66 1460 528 1511 ‘“”=‚Pbi21rpaciscendam
560 1467 720 1524 subegit
755 1482 915 1524 pacem.
962 1468 1074 1522 quod
1103 1467 1176 1508 nisi
1213 1468 1328 1510 omni
1358 1468 1399 1508 vi
1430 1467 1630 1523 perficere

53 1506 194 1547 smm‘
294 1527 545 1578 maturaffet,
576 1527 799 1569 bellantem
832 1541 929 1567 eum
967 1540 1064 1568 cum
1086 1526 1239 1568 AEtolis
1275 1527 1322 1568 P.
1355 1526 1633 1583 Sempronius

290 1586 527 1642 proconsul,
558 1586 756 1629 successor
776 1585 939 1641 imperii
961 1586 1100 1626 miffus
1118 1585 1319 1641 Sulpicio,
1352 1600 1449 1627 cum
1482 1587 1629 1629 decem

289 1644 474 1686 millibus
488 1646 692 1701 peditum,
726 1648 768 1688 δι’
787 1646 899 1686 mille
920 1644 1144 1700 equitibus,
1180 1648 1221 1687 δε
1250 1645 1419 1702 triginta
1440 1645 1628 1702 quinque

287 1704 471 1746 rostratis
511 1705 684 1747 navibus
717 1704 846 1760 (haud
867 1718 1040 1759 parvum
1069 1709 1094 1757 †
1125 1715 1386 1746 momentum
1419 1706 1470 1745 ad
1500 1719 1644 1760 opem,

288 1762 503 1806 ferendam
536 1764 670 1820 sociis)
706 1763 964 1820 oppressisset.
1028 1762 1215 1805 Vixdum
1238 1777 1335 1818 pace
1356 1761 1484 1813 faeta,
1517 1778 1626 1805 nun-

288 1822 377 1865 cius
411 1823 499 1881 regi
534 1823 664 1875 venit,
697 1823 914 1864 Romanos
941 1821 1225 1878 Dyrrachium
1256 1821 1434 1863 veniffe:
1463 1823 1625 1864 Parthi·
1660 1836 1663 1837 ’

285 1882 441 1938 nosque
467 1885 504 1924 δε
524 1882 778 1939 propinquas
800 1883 898 1923 alia-s
918 1890 1062 1938 gentes
1084 1890 1216 1925 motas
1232 1881 1310 1923 effe
1337 1882 1387 1922 ad
1411 1881 1525 1937 spem
1546 1896 1624 1923 no-

283 1943 408 1983 vandi
445 1956 536 1983 res:
581 1942 900 1996 Dimallumque
925 1940 1171 1996 oppugnari.
1228 1939 1292 1981 Eo
1335 1940 1377 1981 se
1414 1950 1628 1983 verterant
1669 1962 1673 1963 ⁷

284 1999 469 2042 Romani
502 2001 554 2043 ab
590 2000 848 2052 AEtolorum,
892 2001 978 2054 quo
1011 1998 1113 2039 miffi
1144 2008 1277 2051 erant,
1309 1998 1479 2049 auxilio,
1511 2000 1620 2052 irati,

282 2061 398 2113 quod
433 2061 514 2101 fine
546 2059 796 2101 austoritate
832 2059 901 2100 sua
935 2056 1131 2101 adversus
1153 2057 1294 2099 foedus
1316 2060 1379 2113 (1)
1402 2072 1499 2099 cum
1520 2074 1618 2115 rege

280 2133 425 2173 pacem
463 2118 661 2161 fecissent.
723 2119 782 2159 Ea
815 2132 944 2173 quum
988 2117 1158 2159 audiiset
1190 2116 1428 2172 Philippus,
1460 2131 1512 2158 ne
1544 2118 1618 2172 qui

279 2188 418 2219 motus
440 2179 571 2235 major
606 2178 649 2218 in
672 2177 859 2219 finitimis
882 2175 1074 2233 gentibus
1100 2180 1124 2230 ‡
1147 2175 1392 2234 populisque
1421 2176 1622 2227 oriretur,'

278 2238 441 2292 magnis
454 2236 671 2278 itineribus
689 2236 956 2292 Apolloniam
975 2234 1209 2283 contendit3
1241 2235 1620 2290 quoSernpronius'

278 2295 317 2336 se
335 2306 559 2350 receperat,
591 2295 707 2337 miffo
727 2295 908 2337 Laetorio
929 2296 1064 2350 legato
1078 2307 1174 2334 cum
1195 2304 1310 2348 parte
1332 2293 1545 2348 copiarum
1570 2297 1610 2336 δε

277 2355 517 2409 quindecim
551 2354 725 2397 navibus
756 2354 799 2395 in
835 2352 1052 2403 AEtoliam‚
1087 2355 1128 2395 &
1153 2354 1215 2408 (2)
1252 2353 1304 2394 ad
1325 2352 1511 2394 visendas
1532 2367 1613 2402 res,

1366 2425 1612 2466 pacemque,

87 354 223 389 cmv'tiae.

277 2542 466 2622 (5)8N{iss''us
481 2544 516 2621 ΡΤ.
533 2541 680 2587 Sulpicio
691 2540 862 2581 successor,
884 2549 921 2574 ut
935 2541 1076 2574 habetur
1088 2552 1114 2573 c.
1142 2540 1210 2583 seq.
1259 2539 1318 2595 (6)
1334 2538 1416 2573 Vid.
1429 2546 1501 2572 not.
1521 2548 1551 2580 3.
1568 2540 1610 2572 ad

276 2600 307 2622 c.
350 2611 360 2620 .
394 2615 400 2621 .
421 2599 476 2628 24.
509 2593 604 2633 upra.

322 2654 363 2687 C.
385 2662 438 2687 12.
455 2654 513 2696 (r)
533 2652 610 2686 vid.
639 2652 739 2697 supra
762 2652 785 2685 Ι.
808 2651 862 2686 26.
878 2662 907 2685 c.
929 2660 982 2692 24.
1027 2651 1148 2694 (2)1ta
1165 2653 1209 2693 τῷ
1230 2656 1257 2683 ot
1273 2648 1485 2694 subjungitur
1502 2647 1608 2730 ρεὲἳιῐέ
