1834 3099
398 168 628 212 LIBER
674 166 813 210 XXX.
855 166 1013 210 CAP.
1059 166 1197 208 XXII.

128 286 252 327 tionis
277 285 426 326 minuit
457 286 658 337 laetitiam,
693 290 734 330 &
757 282 868 339 quod
891 298 1036 339 parum
1059 285 1184 325 duces
1206 283 1247 323 in
1274 283 1450 324 retinen-

129 346 192 386 dis
228 345 276 385 iis
313 347 458 399 (quum
493 347 534 385 id
557 345 794 385 mandatum
818 343 867 383 ab
900 344 1039 383 senatu
1077 344 1189 396 esset)
1220 352 1290 382 aut
1311 342 1449 386 animi,

129 413 201 443 aut
237 403 385 443 virium
418 403 595 444 habuisse
627 402 899 450 videbantur3
933 405 972 443 δι
995 400 1108 456 quod
1140 401 1300 442 solliciti
1322 412 1453 450 erant,

127 461 244 501 omni
266 461 361 502 belli
377 463 485 502 mole
508 463 550 502 in
578 475 706 501 unum
740 462 887 501 ducem
912 460 1222 513 exercitumque
1246 459 1453 508 inclinata,

128 519 214 572 quo
232 520 397 560 evasura
428 521 522 561 effer
543 535 621 560 res.
685 521 760 560 Per
781 519 943 559 eosdem
975 519 1060 559 dies
1092 519 1214 573 legati
1235 517 1453 573 Saguntini

129 590 345 628 venerunt,
378 577 691 633 comprehensos
723 592 818 618 cum
856 577 1029 632 pecunia
1064 579 1314 617 adducentes
1348 577 1454 617 Kar-

128 635 418 691 thaginienses,
449 637 520 692 qui
556 638 605 676 ad
642 638 910 676 conducenda
953 635 1102 676 auxilia
1134 636 1176 675 in
1211 635 1454 690 Hispaniam

129 696 385 751 trajecissent.
411 699 474 750 (1)
496 692 720 736 ducentum
757 696 793 734 &
838 694 1135 749 quinquaginta
1165 694 1268 742 auri,
1320 693 1456 733 οὲὶίη-

129 753 302 808 gentum
356 755 493 809 pondo
534 753 692 808 argenti
728 752 769 792 in
809 752 1008 792 vestibulo
1057 752 1181 792 curiae
1218 751 1454 806 posuerunt.

129 811 382 853 Hominibus
400 813 575 866 acceptis
596 814 632 852 8<
658 811 700 851 in
722 825 926 851 carcerem
957 811 1150 860 conditis,
1181 824 1282 850 auro
1312 824 1455 866 argen-

128 879 255 925 toque
287 871 462 921 reddito,
495 871 635 926 gratiae
672 870 814 924 legatis
849 869 978 910 aftae:
1010 881 1133 924 atque
1170 868 1333 923 insuper
1364 883 1456 908 mu·

128 943 227 969 nera
248 930 340 969 data
372 944 417 970 ac
450 944 586 978 naves,
619 929 768 983 quibus
801 928 841 968 in
876 928 1118 983 Hispaniam
1141 938 1454 970 reverterentur.

129 987 293 1028 Mentio
328 988 476 1028 deinde
504 990 555 1028 ab
593 986 818 1027 senioribus
854 987 964 1027 faeta
996 988 1068 1035 est,
1105 986 1258 1041 Segnihs
1297 986 1457 1027 homines

128 1046 234 1096 bona,
265 1047 379 1101 quhm
402 1047 516 1095 mala,
536 1047 692 1103 ſsntire.
757 1045 938 1101 Trmfitu
964 1047 1003 1084 in
1026 1046 1180 1086 Italiam
1203 1045 1457 1095 Hannibalis,

127 1113 313 1159 quantum
334 1107 492 1146 terroris
506 1106 742 1160 pavorisque,
777 1107 840 1159 (2)
858 1105 935 1161 stse
966 1106 1174 1162 memimffe,
1206 1120 1300 1159 quas
1329 1104 1459 1145 deinde

129 1163 270 1214 clades,
301 1180 387 1219 quos
403 1165 525 1204 luc7us
545 1165 704 1220 incidff
721 1166 741 1202 ,Ρ
779 1164 866 1218 Visa
886 1163 1006 1220 cestra
1028 1163 1178 1220 hcstinm
1200 1179 1217 1202 e
1238 1164 1360 1203 muris
1390 1179 1459 1202 ur-

131 1223 219 1262 bis.-
250 1239 328 1277 quae
363 1232 449 1263 vota
454 1221 693 1278 singulorum
725 1223 1055 1279 universorumque
1074 1223 1149 1280 fui
1176 1225 1226 1261 e?
1258 1223 1396 1277 quoties
1417 1223 1458 1261 in

130 1282 291 1321 conciliis
312 1297 431 1332 voces,
466 1296 600 1321 manus
619 1282 672 1321 ad
689 1282 817 1321 coelmn
831 1282 1106 1336 porrigentium
1135 1281 1286 1321 auditas
1303 1299 1315 1320 .·
1347 1287 1372 1333 †
1395 1280 1458 1320 En

130 1355 297 1394 unquam
319 1341 379 1380 ille
411 1340 486 1380 dies
520 1342 683 1390 futurus
705 1341 798 1396 effit,
828 1356 895 1394 quo
931 1355 1092 1380 vacuam
1123 1340 1284 1398 hostibus
1307 1339 1459 1379 Italiam

130 1397 226 1439 bonci
240 1410 331 1452 pace
352 1399 555 1454 florentem
588 1399 709 1453 visuri
744 1399 849 1454 f'ffi'm‘
865 1402 886 1437 ,Ρ
921 1399 1069 1455 Dedtffi’
1102 1399 1251 1438 tandem
1283 1398 1327 1438 id
1357 1398 1459 1443 Deos

118 1457 359 1512 sextodecimo
379 1458 526 1497 demum
553 1473 672 1497 anno:
705 1473 770 1496 nec
790 1459 868 1513 effi,
898 1459 965 1512 qui
987 1457 1080 1498 Diis
1099 1463 1115 1508 Η
1133 1466 1263 1511 grates
1295 1456 1458 1511 agendas

129 1516 309 1571 cenſs-ant.
372 1515 477 1556 Adeh
501 1531 545 1556 ne
565 1516 822 1555 advenientem
843 1516 990 1570 quidem
1004 1518 1177 1570 gratiam
1209 1515 1370 1556 homines
1400 1516 1459 1555 be-

130 1573 246 1628 nigne}
278 1577 340 1629 (3)
360 1577 542 1631 accipere,
574 1573 706 1614 nedum
749 1583 791 1614 ut
819 1576 1016 1627 praeteritae
1031 1576 1133 1628 satis
1167 1590 1339 1614 memores
1358 1573 1456 1629 sint.

1590 175 1673 218 297

1560 1573 1590 1625 †

129 1632 446 1674 Conclamatum
469 1634 617 1674 deinde
632 1647 679 1672 ex
698 1633 811 1672 omni
833 1643 946 1687 parte
962 1634 1087 1674 curiae
1103 1634 1174 1682 est,
1208 1633 1267 1672 uti
1289 1632 1460 1673 referret
1480 1657 1655 1699 suppum&

131 1691 178 1732 P.
202 1692 338 1733 AElius
371 1702 547 1747 praetor:
580 1694 892 1746 decretumque,
926 1702 970 1736 ut
1007 1693 1191 1747 quinque
1232 1691 1319 1732 dies
1351 1692 1459 1733 circa
1478 1704 1688 1733 Romae-cren

131 1751 271 1791 omnia
319 1751 546 1806 pulvinaria
593 1750 904 1805 supplicaretur,
963 1751 1228 1806 victimaeque
1280 1751 1459 1807 maj0res
1478 1749 1509 1779 οὗ
1524 1746 1661 1788 diss-ffum

132 1809 445 1850 immolarentur
466 1820 634 1851 centum
653 1809 809 1864 viginti.

192 1867 330 1909 XXII.
378 1869 470 1922 Jam
510 1872 574 1924 (1)
613 1868 771 1908 dimiffo
808 1868 937 1908 Laelio
968 1868 1192 1923 legatisque
1228 1867 1460 1918 Mafiniffae,

135 1941 263 1981 quum
287 1926 690 1981 Karthaginiensium
712 1928 868 1981 legatos
887 1927 938 1966 de
960 1940 1061 1981 pace
1093 1928 1144 1968 ad
1176 1927 1360 1968 senatum
1394 1941 1462 1967 ve-

133 1985 292 2026 nientes
313 1985 496 2026 Puteolis
516 1985 636 2035 visos,
669 1985 764 2025 inde
785 1985 892 2025 terra
920 1996 1114 2026 venturos
1146 1986 1314 2027 allatum
1336 1986 1461 2035 effet;

135 2043 316 2084 revocari
340 2044 388 2084 C.
412 2044 585 2084 Laelium
609 2043 778 2098 placuit,
810 2053 855 2083 ut
891 2058 1031 2084 coram
1061 2059 1111 2084 eo
1132 2045 1182 2085 de
1203 2058 1302 2099 pace
1323 2059 1462 2100 agere-

136 2112 216 2143 tur.
282 2103 356 2159 Q
381 2102 549 2142 Fulvius
587 2102 717 2151 Gillo,
748 2102 907 2157 legatus
946 2102 1166 2157 Scipionis,
1198 2103 1464 2158 Karthagini-

131 2161 250 2203 enses
273 2162 454 2202 Romam
473 2161 667 2201 adduxit:
689 2160 854 2214 quibus,
866 2161 1002 2202 vetitis
1019 2162 1177 2218 ingredi
1199 2161 1464 2212 urbem,hos-

1311 2233 1462 2276 pinum

183 2358 279 2390 C.21.
290 2357 348 2398 (1)
364 2357 486 2399 Supple
493 2359 636 2398 pondera.
676 2357 734 2397 (2)
747 2359 918 2400 Vocesfifi
935 2359 1084 2402 meminff·
1100 2358 1291 2392 Gronovius
1305 2360 1463 2393 delenda-s

139 2404 260 2435 censet.
308 2405 366 2445 (3)
380 2402 524 2445 Benigne}
536 2402 570 2433 in
584 2403 733 2435 auctores
749 2403 901 2436 beneficii
919 2404 950 2435 δε
967 2406 1060 2446 grat&
1073 2413 1193 2437 mente.

186 2468 223 2499 C.
242 2476 296 2500 22.
314 2467 369 2510 (i)
383 2466 488 2508 Supra
501 2477 532 2498 c.
554 2476 602 2505 ¹7·
614 2474 833 2499 memoratum
850 2466 894 2499 est
909 2467 1064 2499 censuiffe
1081 2470 1194 2500 Patres
1214 2472 1384 2502 retinendum
1394 2473 1463 2503 Lae-

138 2515 222 2550 lium,
242 2515 323 2544 donec
346 2515 434 2552 legati
458 2514 712 2554 Karthaginfetffes
734 2515 874 2544 venirent.
919 2514 982 2545 Sed
1006 2513 1149 2550 fortasse,
1173 2515 1361 2548 Hannibale
1384 2528 1462 2558 pro·

139 2559 230 2590 fecto
243 2569 282 2591 ex
298 2558 404 2597 italia,
427 2558 538 2589 nullos
555 2558 622 2599 jam
635 2558 848 2590 crediderant
870 2566 1029 2591 venturos
1041 2571 1059 2591 a
1075 2560 1400 2603 Karthaginiensibus·
1419 2562 1464 2594 le-

138 2611 242 2647 gatos.
287 2603 461 2648 [Ceterum
485 2603 520 2636 in
545 2603 691 2637 editione
709 2603 1028 2638 Drakenborchiani
1054 2605 1270 2641 continuatur
1291 2614 1392 2650 caput
1417 2617 1459 2639 21

1357 2664 1459 2686 mURL

1481 1795 1519 1826 H
1518 1796 1620 1824 unnim
1624 1795 1669 1825 liz,
