1840 3094
388 205 425 248 L
441 206 460 248 I
476 206 509 247 B
527 206 560 247 E
580 204 621 246 R
675 197 816 246 XXII.
875 203 911 246 C
927 202 1030 246 ΑΡ.
1078 205 1196 249 LIII.

113 322 313 364 maturior
335 323 458 378 ipsius
477 323 543 378 spe
565 323 720 365 deditio
740 322 798 364 est
821 320 947 362 faeta.
969 326 993 375 ss
1015 322 1128 376 pacti
1151 325 1228 379 (3),
1261 331 1308 363 ut
1332 334 1446 363 arma

111 393 234 435 atque
257 396 386 436 equos
410 384 633 432 traderent,
666 383 707 421 in
738 381 874 436 capita
913 382 1105 421 Romana
1128 382 1302 423 trecenis
1325 396 1445 422 num-

111 441 198 482 mis
230 442 499 497 quadrigatis,
531 441 574 480 in
611 440 741 482 socios
779 441 968 490 ducenis,
1003 440 1045 479 in
1081 440 1215 481 servos
1245 441 1444 490 cenr·iis,

109 508 153 539 et
193 510 253 548 ut,
285 515 334 540 eo
374 501 505 555 pretio
542 500 765 553 persoluto,
800 513 896 539 cum
934 498 1100 554 singulis
1136 498 1295 538 abirent
1325 496 1446 540 vesti-

111 558 277 608 mentis,
311 560 351 599 in
389 558 516 599 castra
537 558 672 599 hostes
695 567 971 612 acceperunt3
1007 557 1227 612 traditique
1249 558 1288 596 in
1311 563 1447 598 culto-

111 616 224 656 diam
266 632 410 658 omnes
449 616 557 668 sunt,
603 617 784 657 seorsum
827 617 936 657 cives
974 615 1166 670 sociique.
1229 615 1346 656 Dum
1389 617 1447 657 ibi

112 686 277 730 tempus
297 676 457 727 teritur,
488 676 643 716 interea
667 690 796 730 quum
835 690 885 715 ex
919 675 1143 731 majoribus
1165 675 1320 724 castris,
1353 676 1445 728 qui-

110 732 187 774 bus
212 734 304 775 satis
325 735 474 775 virium
507 744 577 775 aut
619 736 746 774 animi
782 734 879 783 fuit,
909 740 933 788 †
954 735 1003 774 ad
1024 746 1201 788 quatuor
1223 734 1347 773 millia
1371 735 1446 774 ho-

110 793 272 833 minum
292 803 333 833 et
354 793 522 834 ducenti
543 793 718 848 equites,
751 792 818 834 alii
852 793 1030 849 agmine,
1064 793 1132 833 alii
1152 793 1276 847 palati
1304 792 1445 847 passim

107 855 183 906 Per
205 866 339 906 agros,
372 853 483 906 quod
505 852 617 892 haud
634 850 773 893 minus
797 862 934 892 tutum
961 862 1061 901 erat,
1094 851 1318 892 Canusium
1353 865 1446 906 per-

109 909 318 964 fugiffent,
351 910 478 951 castra
514 911 597 965 ipsa
635 911 684 951 ab
718 910 862 953 sauciis
900 911 1134 964 timidisque
1169 911 1313 951 ezidem
1344 924 1446 950 con-

108 969 281 1021 ditione,
315 968 395 1023 quai
427 971 568 1019 altera,
601 970 749 1010 tradita
790 968 910 1011 hosti.
974 969 1119 1010 Praeda
1148 969 1293 1025 ingens
1329 979 1446 1023 parta

108 1027 165 1067 est
184 1043 193 1068 :
224 1038 282 1080 et,
315 1037 462 1082 praeter
483 1043 613 1082 equos
633 1028 841 1083 virosque,
873 1038 914 1069 et
937 1028 962 1068 fi
986 1029 1087 1083 quid
1109 1028 1283 1085 argenti,
1315 1028 1447 1082 (quod

107 1086 337 1141 plurimum
360 1087 402 1126 in
436 1091 459 1140 ss
499 1088 678 1142 phaleris
713 1101 918 1142 equorum
941 1098 1056 1138 erat-3
1089 1102 1185 1127 nam
1207 1088 1258 1127 ad
1279 1087 1446 1128 vescen-

107 1146 209 1185 dum
251 1148 314 1201 (4)
356 1145 470 1186 facto
505 1147 787 1202 perexiguo,‡
821 1146 964 1200 utique
1001 1146 1242 1198 militantes,
1274 1146 1448 1187 uteban-

108 1207 194 1259 tur)
215 1204 352 1246 omnis
387 1215 522 1245 cetera
557 1208 695 1259 praeda
733 1205 961 1260 diripienda
993 1206 1086 1245 data
1117 1205 1189 1246 est.
1250 1205 1365 1245 Tum
1387 1204 1447 1245 se-

107 1263 289 1318 peliendi.
311 1263 430 1304 causa
452 1263 632 1305 conferri
664 1264 706 1303 in
745 1278 875 1304 unum
908 1277 1082 1318 corpora
1116 1264 1284 1304 suorum
1317 1263 1441 1319 jussit.

110 1322 182 1362 Ad
215 1321 313 1362 οᾶο
351 1322 479 1362 millia
519 1322 636 1362 fuiffe
674 1322 870 1364 dicuntur
904 1322 1215 1363 fortiflimorum
1249 1323 1443 1363 virorum.

110 1380 337 1422 Consulem
368 1395 535 1435 quoque
555 1382 797 1422 Romanum
831 1382 1108 1435 conquisitum
1140 1381 1446 1436 sepultumque,

114 1439 285 1493 quidam
309 1440 500 1480 auc‘tores
523 1440 629 1481 sunt,
695 1441 792 1490 Eos,
823 1440 895 1494 qui
915 1440 1140 1481 Canufium
1162 1438 1446 1495 perfugerant,

110 1498 260 1538 mulier
284 1500 435 1553 Apula,
452 1499 621 1539 nomine
639 1498 759 1550 Busa,
777 1512 926 1554 genere
948 1499 1056 1539 clara
1079 1513 1125 1539 ac
1146 1499 1313 1548 divitiis,
1340 1512 1448 1540 moe—

105 1556 229 1598 nibus
254 1559 417 1597 tantum
440 1557 641 1611 tectisque
683 1573 704 1598 a
742 1557 959 1598 Canusinis
976 1567 1183 1612 acceptos,
1215 1557 1444 1607 frumento,

109 1615 237 1667 veste,
269 1616 419 1657 viatico
440 1618 564 1657 etiam
583 1616 721 1672 juvit;
753 1631 828 1671 pro
851 1617 931 1670 qu&
972 1617 1010 1657 ei
1046 1615 1329 1657 munificentifi
1353 1617 1447 1672 pos-

110 1684 191 1724 tea,
222 1674 330 1716 bello
353 1675 556 1730 perfeeto,
589 1676 639 1716 ab
663 1675 804 1716 senatu
818 1675 997 1716 honores
1013 1674 1142 1716 habiti
1160 1675 1267 1717 sunt.

170 1733 284 1774 LIII.
319 1735 534 1784 Ceterurn,
580 1749 712 1788 quum
748 1734 804 1776 ibi
848 1733 1003 1775 tribuni
1046 1734 1226 1774 militum
1266 1743 1446 1788 quatuor

110 1792 252 1843 essent,
286 1792 436 1834 Fabius
470 1793 683 1834 Maximus
724 1795 775 1834 de
804 1793 964 1850 legione
1006 1793 1154 1848 primfi,
1185 1794 1305 1850 cujus
1329 1805 1446 1848 pater

111 1852 247 1906 priore
301 1866 410 1892 anno
451 1852 630 1892 dictator
667 1852 817 1902 fuerat,
869 1862 909 1892 et
944 1853 993 1892 de
1046 1852 1208 1908 legione
1260 1852 1440 1893 secunda

110 1910 161 1950 L.
184 1909 394 1952 Publicius
427 1911 600 1955 Bibulus
635 1921 676 1952 et
710 1912 755 1952 P.
782 1911 1002 1952 Cornelius
1037 1910 1196 1966 Scipio,
1226 1920 1267 1951 et
1304 1912 1354 1950 de
1387 1911 1445 1952 le·

110 1969 234 2026 gione
276 1970 395 2010 tertia
436 1971 502 2026 (1)
541 1970 621 2025 Ap.
656 1970 856 2011 Claudius
905 1969 1101 2020 Pulcher,
1151 1969 1225 2024 qui
1258 1969 1446 2025 proxime

168 2027 291 2069 ToM.
324 2028 401 2071 ΙΙΙ.
831 2028 868 2070 L
1316 2027 1447 2069 aedilis

113 2174 184 2196 non
213 2164 255 2195 ad
286 2166 387 2195 deditio
413 2166 449 2209 5·st
474 2167 578 2207 facqa,
601 2165 655 2198 sed
681 2165 724 2197 ad
745 2166 841 2209 fff:.
892 2165 976 2209 Fffs
992 2165 1028 2197 ab
1044 2165 1180 2203 omnibus,
1200 2165 1306 2202 labore,
1327 2165 1451 2207 vigiliiq

113 2211 292 2247 vulneribus,
316 2210 349 2243 h.
370 2221 400 2241 e.
419 2222 525 2252 quum
542 2211 611 2242 feffi
627 2211 730 2243 essent
762 2211 907 2242 Romani
935 2212 977 2243 ab
1006 2210 1056 2243 his
1084 2211 1240 2243 omnibus
1262 2210 1381 2241 rebus:
1409 2217 1449 2241 ut

112 2254 215 2297 supra
234 2255 256 2286 l.
280 2264 312 2287 2.
328 2266 358 2288 c.
376 2265 427 2293 14.
458 2257 545 2299 Inopi
560 2264 619 2288 tum
632 2258 700 2288 urhe
715 2258 751 2288 ab
765 2258 917 2300 longinqui:¹
933 2259 1062 2300 ossfidione
1073 2272 1084 2293 ,·
1104 2257 1138 2287 δε
1152 2255 1279 2288 similia.
1295 2255 1400 2297 Vid.†
1412 2256 1450 2286 ab

114 2311 180 2343 pro
198 2308 351 2343 propter.
403 2303 510 2333 Porro
537 2303 672 2340 omnibus,
693 2304 799 2340 labore,
819 2304 946 2345 vigiliis,
967 2304 1146 2340 vulneribus,
1168 2309 1205 2333 ut
1230 2302 1326 2343 supr}
1358 2301 1377 2332 Ι.
1411 2309 1445 2333 2.

113 2357 142 2378 c.
160 2346 213 2386 38.
237 2360 288 2378 vos
304 2347 439 2384 omnibus,
460 2349 581 2385 civibus,
598 2351 774 2390 peregrinis,
795 2355 835 2378 tot
839 2349 980 2391 finitimis
992 2350 1119 2390 populfs„
1130 2349 1293 2389 specJaculo
1320 2349 1448 2378 abeuntes

105 2393 208 2435 fiuffi‘.
237 2392 259 2424 l.
300 2401 329 2430 7.
357 2402 384 2423 c.
417 2401 469 2432 32.
503 2396 554 2435 qui
584 2396 677 2424 omnia
704 2396 780 2425 circa
809 2396 856 2435 se,
889 2395 1020 2431 Sabinos,
1042 2393 1209 2428 Etruriam,
1233 2394 1356 2423 Latinos
1385 2393 1450 2424 &c-

115 2440 221 2468 domita
238 2440 330 2468 armis
342 2438 454 2469 habeat.
482 2439 522 2470 E.
568 2439 626 2481 (3)
650 2438 743 2470 Paeti
760 2449 836 2471 cum
852 2437 1041 2470 Hannibale
1063 2438 1206 2470 trecenis
1230 2437 1374 2469 nummis
1387 2437 1450 2469 διε,

116 2483 155 2515 eei
174 2483 244 2525 lege
260 2490 297 2514 ut
310 2493 400 2514 arma
414 2491 513 2525 atque
529 2494 633 2525 equos
647 2486 825 2516 traderent.
875 2485 938 2516 Per
951 2497 1072 2515 nummos
1090 2487 1275 2526 quadrigatos
1295 2483 1452 2515 denarios

116 2527 275 2570 intellige,
298 2528 356 2569 qui
374 2528 543 2572 quadrigae
572 2529 710 2572 figuram
737 2529 935 2571 insculptam
960 2529 1140 2573 gerebant;
1163 2529 1216 2561 vel
1233 2528 1334 2560 etiam
1361 2528 1452 2571 biga-

117 2583 204 2611 rum,
227 2576 260 2605 δε
274 2582 347 2605 tum
371 2575 460 2617 bigati
491 2584 662 2607 vocantur.
682 2574 769 2617 insi-n
792 2575 815 2616 l.
834 2585 890 2615 23.
917 2584 944 2606 c.
964 2585 1015 2615 15.
1059 2576 1118 2616 (4)
1141 2576 1245 2607 Notat
1262 2573 1389 2611 Livius,
1410 2573 1456 2605 iis*

116 2620 326 2661 temporibus
344 2620 377 2651 δε
394 2620 544 2652 moribus
569 2627 683 2653 rarum
714 2619 808 2653 fuisse
836 2620 1036 2653 mensarium
1057 2628 1244 2663 argentum,
1269 2618 1453 2663 praesertim

115 2663 151 2696 in
168 2665 290 2699 castris.
342 2668 532 2708 Argentum
540 2669 666 2707 fafflaem,
693 2666 737 2699 est
757 2674 830 2699 arte
842 2667 1064 2699 elaboratum.

163 2711 202 2741 C-
226 2720 283 2752 ..53-
335 2712 394 2758 (qt)
418 2713 499 2755 Juse
521 2711 823 2749 Drakenborchius
846 2711 977 2765 quaerit,
997 2712 1168 2754 quomodo
1185 2709 1242 2745 hic
1257 2709 1392 2787 mentio·
1414 2707 1454 2762 fit

1348 2767 1450 2800 lglvnii

1593 207 1671 259 1435

1465 1324 1551 1356 Poenf
1568 1324 1668 1359 8000.

1464 1374 1494 1404 in
1506 1374 1566 1405 acie
1579 1374 1649 1415 capi.
1660 1395 1674 1417 J
