1834 3099
409 224 635 268 LIBER
682 220 842 268 XXVI.
887 221 1044 268 CAP.
1087 222 1227 267 XXII.

146 351 217 383 aut
251 339 430 384 hostium
465 345 606 400 populi
638 342 819 383 Romani
855 341 1007 393 fuisset,
1041 344 1084 384 ὅτ
1115 344 1222 384 mdes
1253 339 1461 398 Syracusis

143 402 263 457 cujus
303 403 424 443 vellet
453 417 620 455 eorum,
662 402 702 440 in
743 416 846 454 quos
886 401 981 442 belli
1008 401 1101 456 jure
1134 399 1459 441 animadversum

145 460 240 500 esset
259 475 268 500 ε
300 461 461 503 Merico
484 460 768 526 Hispanisque,
801 459 873 513 qui
896 474 991 500 cum
1013 473 1062 499 eo
1085 459 1340 509 transierant,
1363 458 1460 499 urbs

147 531 325 573 agerque
366 519 407 559 in
440 520 580 561 Sicilia
612 534 660 560 ex
695 518 758 565 iis,
792 518 863 571 qui
910 533 933 559 a
975 519 1130 572 populo
1166 517 1360 557 Romano
1392 518 1463 558 de-

147 575 344 626 fecissent,
372 579 473 634 jussa
509 578 608 618 dari.
634 581 639 584 ’
683 577 730 617 Id
768 577 831 617 M.
874 576 1071 617 Cornelio
1112 576 1368 624 mandatum,
1401 586 1463 624 ut,

146 633 216 674 ubi
253 636 290 676 ei
322 637 542 686 videretur,
576 636 717 676 urbem
750 649 979 690 agrumque
1021 634 1079 675 eis
1111 634 1335 688 assignaret.
1413 634 1462 673 In

146 695 294 734 eodem
317 709 414 750 agro
437 695 652 749 Belligeni,
686 708 757 748 per
779 708 901 747 quem
926 693 1089 734 illectus
1112 695 1161 733 ad
1186 692 1463 732 transitionem

148 751 334 793 Mericus
371 764 471 802 erat,
503 753 802 807 quadringenta
830 753 974 808 jugera
997 752 1081 806 agri
1118 753 1293 792 decreta.
1368 749 1464 791 Post

149 811 450 864 profectionem
485 826 534 852 ex
580 812 718 852 Sicilia
764 811 968 858 Marcelli,
1008 810 1166 851 Punica
1209 809 1335 851 classis
1367 808 1464 849 οᾶὶο

147 869 273 910 millia
296 871 495 925 peditum,
528 870 602 910 tria
625 869 901 911 Numidarum
924 869 1110 923 equitum
1133 868 1331 923 exposuit.
1396 867 1466 908 Ad

147 941 218 968 eos
241 929 519 984 Murgantinae
532 928 786 969 desciverunt
809 931 1004 982 terrae(7).
1024 928 1169 968 secutae
1186 926 1466 968 defe&ionem

148 1000 290 1026 earum
314 988 450 1043 Hybla
488 990 525 1028 &
552 987 729 1028 Macella
767 987 873 1036 sunt,
908 990 948 1027 &
983 986 1246 1041 ignobiliores
1275 987 1466 1039 quaedam

152 1044 320 1100 aliae(8).
377 1045 427 1086 Et
449 1045 660 1096 Numidae,
693 1045 889 1101 praefecto
924 1046 1105 1095 Mutine,
1127 1045 1219 1100 vagi
1241 1058 1313 1099 per
1336 1055 1466 1084 totam

148 1102 348 1153 Siciliam,
381 1104 582 1145 sociorum
606 1105 747 1159 populi
772 1103 951 1144 Romani
973 1118 1092 1160 agros
1114 1104 1299 1144 urebant.
1352 1102 1468 1155 †Su-

151 1176 223 1216 per
255 1162 343 1203 haec
381 1163 583 1203 exercitus
617 1164 832 1204 Romanus
868 1164 1008 1211 iratus,
1040 1164 1188 1218 partim
1221 1160 1332 1216 quod
1371 1175 1468 1201 cum

151 1220 396 1275 imperatore
419 1236 501 1261 non
524 1221 720 1262 deveCms
742 1236 795 1263 ex
817 1222 1025 1276 provincia
1046 1221 1156 1269 esset,
1188 1221 1336 1275 partim
1355 1219 1468 1274 quod

151 1279 194 1318 in
216 1279 377 1334 oppidis
399 1279 611 1320 hibernare
633 1281 746 1320 vetiti
769 1290 899 1329 erant,
934 1279 1042 1335 segni
1060 1278 1339 1334 fungebantur
1363 1278 1470 1317 mili-

151 1337 230 1378 tia:
262 1338 470 1393 magisque
503 1339 561 1379 eis
597 1339 743 1380 aufflor
774 1340 822 1378 ad
857 1338 1111 1389 seditionem,
1144 1336 1268 1392 quam
1290 1337 1471 1389 animus,

153 1397 304 1437 deerat.
369 1397 481 1437 Inter
508 1397 582 1438 has
618 1398 880 1438 difficultates
902 1398 966 1438 M.
999 1397 1215 1437 Cornelius
1245 1406 1395 1451 praetor
1427 1398 1467 1435 &

154 1454 333 1495 militum
356 1455 530 1505 animos,
560 1470 671 1496 nunc
705 1455 968 1505 consolando,
1001 1470 1110 1495 nunc
1135 1455 1387 1510 castigando,
1411 1454 1472 1494 se-

153 1514 279 1564 davit,
315 1515 353 1555 &
386 1514 569 1555 civitates
603 1528 764 1565 omnes,
797 1529 888 1568 quae
924 1513 1174 1562 defecerant,
1207 1514 1249 1553 in
1271 1512 1470 1553 ditionem

154 1572 338 1628 redegit:
383 1582 505 1627 atque
544 1586 598 1613 ex
637 1572 701 1613 his
740 1572 1025 1627 Murgantiam
1068 1571 1280 1626 Hispanis,
1322 1572 1473 1624 quibus

155 1630 251 1672 urbs
302 1644 479 1687 agerque
527 1631 765 1681 debebatur,
784 1635 846 1688 (9)
874 1646 923 1671 ex
965 1630 1312 1672 senatusconsulto
1358 1630 1475 1670 attri-

156 1688 259 1730 buit.

214 1747 353 1789 XXII.
386 1748 601 1798 Consules,
644 1763 774 1803 quum
817 1748 938 1789 ambo
987 1749 1183 1804 Apuliam
1221 1747 1474 1804 provinciam

157 1806 372 1858 haberent,
405 1809 620 1862 minusque
648 1810 734 1864 jam
766 1809 932 1849 terroris
955 1823 976 1848 a
999 1808 1141 1848 Poenis
1165 1810 1205 1849 ἃ
1239 1806 1474 1848 Hannibale

157 1866 266 1915 effet,
300 1866 430 1907 sortiri
458 1867 550 1922 jussi
577 1867 771 1921 Apuliam
811 1867 1192 1920 Macedoniamque
1226 1865 1472 1920 provincias.

158 1924 342 1979 Sulpicio
399 1926 646 1967 Macedonia
692 1925 845 1975 evenit,
890 1926 1001 1980 isque
1061 1925 1232 1965 Laevino
1278 1923 1474 1964 succeffit.

158 1982 344 2035 Fulvius,
396 1984 576 2024 Romam
619 1984 880 2024 comitiorum
923 1983 1043 2024 caus-51
1094 1982 1313 2031 arcessitus,
1347 1996 1477 2036 quum

158 2042 326 2082 comitia
349 2042 581 2082 consulibus
611 2043 802 2097 rogandis
825 2041 1008 2090 haberet,
1042 2042 1310 2097 praerogativa
1342 2042 1478 2081 Vetu-

160 2100 220 2140 ria
246 2106 260 2151 ῙΙ
283 2100 495 2155 juniorum
520 2101 739 2141 declaravit
759 2100 811 2140 T.
838 2101 1044 2140 Manlium
1066 2100 1328 2154 Torquatum
1349 2102 1390 2141 δι
1423 2099 1477 2139 Τ.

162 2159 402 2199 Otacilium.
440 2159 643 2208 Manlius,
675 2159 744 2212 qui
768 2158 941 2212 praesens
964 2169 1064 2207 erat,
1097 2158 1328 2214 gratulandi
1361 2157 1479 2198 causa

164 2232 293 2271 quum
331 2217 449 2258 turba
471 2221 614 2267 coiret,
646 2231 721 2257 nec
751 2217 900 2257 dubius
935 2218 1029 2257 effet
1065 2217 1281 2257 consensus
1319 2216 1477 2271 populi,

165 2277 313 2332 magna
334 2276 606 2316 circumfusus
628 2275 746 2316 turba
769 2277 818 2315 ad
841 2274 1018 2315 tribunal
1040 2275 1217 2316 consulis
1241 2275 1377 2316 venit:
1409 2289 1480 2329 pe-

165 2335 310 2389 titque,
342 2344 386 2374 ut
420 2350 547 2390 pauca
571 2334 639 2375 sua
675 2334 797 2374 verba
815 2334 989 2384 audiret,
1023 2334 1351 2388 centuriamque,
1384 2348 1474 2387 quae

167 2453 266 2485 habet
284 2451 411 2490 Livius,
424 2453 448 2486 l.
463 2463 516 2493 25-
535 2452 590 2485 ubi
609 2451 886 2494 expugnationem
903 2452 1135 2494 Syracusarum
1154 2450 1265 2483 tradit.
1284 2453 1334 2483 De
1351 2451 1484 2483 Merico

167 2501 233 2533 vid.
253 2501 276 2532 l.
309 2509 366 2538 25.
395 2511 420 2531 c.
456 2509 507 2538 30.
533 2499 646 2539 ibique
674 2506 742 2529 not.
762 2508 795 2537 5.
852 2499 909 2538 (7)
932 2500 1019 2540 Lege
1037 2508 1075 2529 ex
1101 2497 1291 2540 cOnje&ura
1310 2497 1487 2535 Gronovii,

169 2549 298 2588 Mtrga
288 2548 363 2575 1t1n1
388 2547 531 2588 dsivcrt.
551 2546 584 2586 s.
603 2547 628 2575 d
644 2558 706 2575 eoru
699 2557 749 2575 1.m
798 2543 855 2585 (8)
869 2544 992 2585 Supple
1014 2546 1080 2574 utrb
1067 2558 1107 2576 ts.
1155 2545 1214 2585 (9)
1240 2544 1299 2574 Ha·
1319 2554 1412 2574 voce.
1450 2557 1484 2574 ex

167 2595 233 2635 sni
224 2593 303 2633 »rso
291 2592 403 2632 offulto,
443 2591 552 2631 potius
586 2601 662 2622 cum
700 2589 861 2627 delebatur,
897 2600 996 2630 quam
1022 2600 1095 2621 cuin
1131 2590 1275 2628 attribuit,
1311 2588 1486 2631 jungendae

173 2638 250 2670 mihi
276 2635 442 2667 videntur.
470 2637 508 2667 E.

226 2682 344 2723 ΓΟΜ.
368 2680 440 2721 IV.
879 2678 918 2722 D
1342 2677 1490 2720 tuliffet

1500 2171 1639 2201 Affanliue

1497 2219 1663 2259 consulatum

1499 2265 1616 2305 recusat.
