1834 3099
429 204 667 254 LIBER
710 209 853 252 XXV.
916 207 1085 253 CAP.
1131 209 1226 255 XL.
1651 207 1734 256 353

171 342 462 391 Romanorum
499 348 597 400 visa,
630 347 830 389 indicium
866 350 930 402 (4)
969 347 1136 388 alterius
1168 346 1296 388 cladis
1339 346 1502 400 Poenis,

170 419 294 463 atque
331 408 426 448 inde
454 422 649 462 pavorem
692 406 932 462 injecissent.
997 407 1082 448 Hic
1122 417 1254 448 terror
1289 407 1332 448 in
1355 406 1501 462 fugam

170 467 315 508 avertit
335 481 497 523 omnee:
529 467 741 521 effufique,
764 469 827 522 (5)
849 466 931 520 qua
944 465 1020 506 iter
1037 467 1112 518 est,
1135 466 1206 505 nisi
1231 480 1335 519 quos
1366 467 1501 511 caedes

167 525 375 581 oppressit,
398 537 608 567 exuuntur
628 525 782 566 casttis.
845 526 908 565 Ita
937 525 1061 565 noete
1084 540 1131 566 ac
1165 525 1230 564 die
1253 525 1348 565 bina
1371 525 1499 565 castra

166 584 350 625 hostium
372 595 605 642 expugnata
622 584 753 624 ductu
771 584 820 626 L.
843 584 1007 624 Marcii.
1073 584 1140 624 Ad
1158 583 1326 639 triginta
1344 583 1500 638 septem

166 644 297 684 millia
313 643 493 684 hostium
514 644 626 692 caesa,
647 643 794 683 auetor
822 642 879 683 est
912 643 1126 692 Claudius,
1145 645 1206 698 (6)
1230 644 1299 697 qui
1333 644 1501 683 annales

169 704 385 744 Acilianos
402 717 451 744 ex
477 703 628 743 Graeco
650 702 691 741 in
714 702 911 743 Latinum
936 701 1166 743 sermonem
1189 703 1330 743 vertit:
1356 713 1499 756 captos

166 762 217 802 ad
241 763 352 803 mille
374 763 638 817 oetingentos
660 761 845 817 triginta:
877 763 1059 815 praedam
1090 762 1301 817 ingentem
1323 772 1498 816 partam.

165 820 209 861 in
227 820 275 862 ea
301 821 416 862 fuiffe
446 822 625 876 clipeum
654 832 896 876 argenteum
919 827 944 872 †
965 822 1103 874 pondo
1126 826 1295 861 centum
1331 820 1500 876 triginta

165 880 279 930 οὲὶο,
297 895 393 922 cum
411 880 590 935 imagine
604 880 769 920 Barcini
784 879 1069 920 Hasdrubalis.
1101 886 1126 933 †
1141 880 1334 920 Valerius
1351 879 1500 920 Antias

163 952 245 979 una
259 939 388 980 castra
410 939 605 995 Migonis
636 949 755 994 capta
776 939 916 988 tradit,
958 939 1113 993 septem
1136 940 1264 979 millia
1285 939 1386 980 caesa
1407 938 1501 979 hos-

165 997 288 1039 tium:
320 999 448 1039 altero
480 999 644 1053 proelio,
676 998 893 1057 eruptione
926 1008 1158 1054 pugnatum
1191 1013 1287 1039 cum
1313 998 1502 1039 Hasdru-

162 1056 272 1098 bale:
304 1059 449 1098 decem
482 1058 608 1098 millia
631 1057 780 1110 occist,
813 1067 992 1112 quatuor
1023 1058 1152 1098 millia
1189 1067 1395 1099 trecentos
1427 1058 1502 1098 tri-

163 1117 279 1172 ginta
301 1128 457 1172 captos.
519 1119 584 1173 (7)
614 1116 706 1157 Piso
730 1117 914 1171 quinque
948 1117 1075 1157 millia
1107 1116 1345 1168 hominum,
1368 1131 1500 1171 quum

164 1176 299 1231 Nlago
333 1177 527 1217 cedentes
563 1176 722 1217 nostros
748 1176 876 1217 effuse
901 1175 1153 1230 sequeretur,
1192 1176 1291 1217 cresa
1327 1190 1375 1216 ex
1405 1176 1500 1216 infi-

163 1235 242 1276 diis
264 1234 414 1277 sciibit.
482 1236 609 1289 Apud
632 1249 776 1276 omnes
799 1249 998 1290 inagnum
1021 1249 1175 1276 nomen
1197 1236 1245 1276 M
1251 1235 1348 1277 arcii
1380 1236 1498 1276 ducis

163 1294 236 1334 est.
262 1297 302 1335 δε
319 1309 426 1336 verae
443 1295 585 1350 gloriae
607 1295 696 1350 ejus
716 1294 840 1335 etiam
858 1295 1055 1335 miracula
1071 1296 1254 1337 addunt:
1287 1295 1439 1335 flamm
1433 1309 1498 1336 im
1515 1296 1651 1326 ,Flamma
1673 1308 1688 1325 e

163 1355 202 1394 ei
219 1354 484 1395 concionanti
502 1353 633 1394 fusam
657 1368 678 1393 e
701 1355 850 1409 capite,
869 1353 948 1395 sine
972 1354 1095 1409 ipsius
1116 1353 1247 1403 sensu,
1266 1369 1362 1395 cum
1384 1368 1539 1419 mag·
1514 1355 1535 1372 ⁶
1529 1345 1609 1396 ’,ΨΜ
1628 1341 1729 1372 Mar-

164 1427 219 1454 no
232 1427 384 1480 pavore
399 1413 753 1454 circumstantium
775 1413 967 1453 militum.
986 1423 1392 1467 monumentumque
1416 1405 1527 1454 vic·
1543 1402 1635 1420 ‘m'
1638 1402 1688 1419 ‘²¹

162 1472 281 1513 toriae
303 1473 392 1528 ejus
414 1472 464 1512 de
486 1472 646 1520 Poenis,
675 1471 801 1526 usque
823 1474 885 1526 (8)
909 1473 959 1511 ad
981 1471 1195 1513 incensum
1227 1471 1500 1526 Capitolium,

162 1531 280 1572 fuifl'e
317 1531 359 1571 in
402 1533 558 1586 templo
599 1531 797 1586 clipeum,
837 1531 1049 1571 Marcium
1089 1532 1361 1586 appellatum,
1402 1547 1500 1573 cum

161 1590 343 1645 imagine
359 1589 643 1631 Hasdrubalis.
706 1590 873 1646 Quietae
896 1590 1045 1631 deinde
1067 1591 1322 1645 aliquamdiu
1347 1591 1388 1631 in
1403 1590 1502 1631 His..

161 1643 285 1706 pani'a
316 1663 382 1691 res
416 1649 552 1702 fuere,
574 1649 770 1704 utrisque,
809 1649 897 1704 post
935 1659 1069 1690 tantas
1090 1661 1278 1704 acceptas
1300 1650 1341 1690 in
1366 1650 1502 1691 vicem

161 1709 374 1764 illatasque
397 1710 549 1760 clades,
572 1707 869 1750 cunctantibus
898 1709 1131 1763 periculum
1153 1709 1324 1751 summae
1361 1723 1501 1750 rerum

160 1768 312 1811 facere.

222 1828 314 1869 XL.
347 1827 466 1869 Dum
486 1827 602 1869 haec
594 1842 634 1867 in
649 1826 850 1882 Hispania
868 1837 1086 1881 geruntur,
1105 1826 1348 1879 Marcellus,
1369 1827 1500 1882 captis
1518 1810 1730 1900 SJH‘JQQ'T

161 1886 388 1945 Syracusis,
411 1901 542 1942 quum
560 1898 696 1928 cetera
717 1887 761 1927 in
794 1887 936 1928 Sicilia
963 1887 1077 1928 tanta
1111 1885 1193 1928 fide
1237 1898 1361 1943 atque
1396 1887 1500 1929 inte·
1520 1908 1649 1938 deve&
1701 1866 1731 1896 μ’

166 2041 267 2086 ἧφι-εὶ
309 2054 336 2075 c.
358 2053 409 2075 11.
441 2043 531 2075 infra
557 2054 586 2076 c.
606 2053 658 2082 41.
688 2043 709 2075 l.
729 2052 826 2082 40.c.
851 2052 904 2083 30.
931 2043 990 2085 (4)
1012 2043 1136 2086 Supple
1154 2043 1296 2086 fecg’ffent.
1321 2043 1388 2075 vid.
1404 2047 1424 2086 †
1441 2045 1502 2077 El-

163 2091 240 2133 lipfis
273 2090 366 2121 verbi.
388 2091 426 2122 E.
475 2091 532 2131 (ς)
558 2090 634 2133 Q&
657 2090 714 2121 via
737 2091 779 2122 ad
805 2092 916 2131 sugam
941 2090 1085 2132 patebat.
1132 2092 1151 2128 †
1169 2091 1240 2121 Ave
1242 2098 1318 2122 rtere
1343 2091 1445 2130 lostem
1469 2095 1500 2123 in

154 2139 266 2179 sugam
283 2135 364 2167 dicit
381 2135 480 2178 supra
504 2136 527 2166 l.
555 2146 584 2167 1.
601 2148 631 2168 c.
653 2145 705 2175 37.
729 2135 793 2168 hoc
813 2136 869 2167 lib.
887 2146 916 2167 c.
938 2146 991 2175 15.
1074 2134 1164 2166 ·..1ibi
1213 2136 1270 2177 (6)
1295 2139 1394 2168 Anna
1401 2138 1443 2168 les
1456 2139 1500 2170 ab

166 2181 289 2218 Acilio,
305 2183 470 2218 Romano,
500 2183 617 2213 Graece
641 2181 755 2223 scripti
785 2183 930 2213 fuerant.
979 2149 1083 2213 T<itis
1114 2182 1170 2219 est,
1193 2189 1316 2223 praeter
1341 2184 1501 2222 nostrum,

166 2227 322 2260 Cicerol.
343 2237 375 2267 3.
391 2228 432 2259 de
449 2226 518 2259 Off.
540 2238 567 2259 c.
592 2236 649 2267 32.
696 2226 879 2258 Verisimile
904 2227 1040 2259 videtur
1064 2239 1101 2259 e
1098 2238 1140 2258 m
1157 2219 1251 2258 suille
1276 2229 1313 2260 C.
1339 2228 1501 2273 Acilium,

165 2273 236 2315 qui,
251 2273 329 2305 teste
347 2272 559 2305 Plutarcho
551 2284 585 2304 m
617 2274 691 2305 Cat.
716 2273 791 2314 maj.
819 2272 909 2304 laudi
928 2272 984 2304 sibi
1001 2273 1134 2304 duxerit
1165 2272 1344 2306 Carneadis
1370 2275 1402 2306 &a
1420 2276 1501 2307 soci-

166 2331 266 2352 orum
295 2319 469 2362 legationis
488 2318 764 2360 philosophorum
796 2318 964 2350 orationes
989 2320 1079 2360 apud
1103 2319 1166 2350 sen
1161 2328 1254 2350 itum
1277 2320 1503 2362 interpretari.

166 2365 306 2409 legatio
323 2365 379 2398 illa
395 2366 482 2396 cadit
508 2365 541 2396 in
562 2375 730 2397 annumu.
747 2376 774 2396 c.
791 2374 871 2406 597.
923 2364 1082 2396 Claudius
1109 2364 1163 2396 hic
1181 2364 1254 2406 quis
1268 2365 1381 2404 fuerit,
1396 2367 1503 2400 inccr-

170 2419 255 2448 tum,
271 2419 383 2443 utrum
398 2410 537 2444 Clodius
565 2409 726 2447 Licinius,
743 2411 784 2442 de
799 2409 972 2451 quoinsra
994 2410 1020 2442 l.
1044 2419 1100 2451 29.
1117 2422 1145 2442 c.
1166 2420 1220 2443 22
1238 2422 1281 2442 an
1307 2412 1502 2451 ‡Claudius

167 2457 418 2502 Qadrigarius,
432 2467 474 2488 an
491 2456 573 2489 alius
590 2456 708 2498 aliquis
727 2455 896 2488 Claudius.
918 2455 1042 2487 ’.ιιῖτὲί
1060 2466 1117 2496 35.
1141 2467 1166 2488 ‹-
1190 2467 1242 2494 14.
1270 2458 1333 2488 Clai
1334 2461 1390 2489 ziud
1393 2458 1503 2501 s‚secu-

167 2511 212 2535 tus
229 2505 341 2534 Graecos
358 2504 624 2535 Acilianoi.sll1ros
673 2503 732 2544 (7)
755 2501 833 2533 vid.
851 2510 921 2533 not.
937 2502 965 2534 8
985 2502 1067 2533 adc.
1079 2511 1134 2541 55.
1151 2502 1172 2534 l.
1187 2512 1218 2534 1.
1234 2503 1342 2545 supra.
1356 2505 1414 2546 (8)
1430 2508 1503 2537 Λη-

169 2560 214 2581 no
231 2561 262 2581 u.
282 2560 309 2581 c.
331 2548 410 2586 660.
429 2548 582 2592 Scipione
608 2550 640 2580 &
665 2548 829 2580 Norbano
850 2546 1050 2579 consulibus.
1097 2549 1206 2590 Hujus
1228 2548 1325 2591 clipei
1350 2551 1503 2585 meminit
1564 2587 1567 2589 .

168 2594 295 2628 Plinius
312 2595 334 2626 l.
350 2606 405 2636 35.
419 2606 448 2628 c.
469 2605 499 2636 3.
525 2599 654 2629 Aureum
670 2602 785 2628 autem
802 2602 909 2632 vocat,
923 2605 1025 2636 quem
1040 2592 1156 2627 Livius
1172 2603 1342 2638 argenteum.

227 2658 351 2701 ΤοΜ.
375 2657 453 2700 111.
863 2657 903 2698 A
926 2670 950 2697 a
1355 2659 1503 2716 gritate
