1834 3099
318 119 355 163 L
377 121 396 162 1
416 122 450 163 B
478 126 510 171 E
533 122 574 164 R
625 120 830 164 XXVIII.
883 121 918 163 C
940 121 978 163 A
1000 120 1046 165 P.
1099 122 1216 166 XIII.
1585 133 1661 186 167

115 239 340 292 reparando
377 239 509 294 aptior
543 249 644 290 erat,
690 241 875 281 locorum
912 238 1213 296 hominumque
1246 243 1436 299 ingeniis.

114 303 137 347 †
159 298 295 352 itaque
312 313 409 353 ergo
428 300 558 353 prima
583 299 784 340 Romanis
806 298 904 337 inita
921 299 1241 353 provinciarum,
1264 304 1326 356 (5)
1343 317 1443 357 quae

114 357 282 408 quidem
305 358 553 399 continentis
586 359 676 406 lint,
709 357 914 411 postrema
948 359 1154 411 omnium,
1199 362 1333 401 nostra
1365 362 1437 402 de-

112 430 228 456 mum
265 428 397 465 aetate,
430 417 560 457 duetu
592 416 853 470 auspicioque
881 417 1054 471 Augusti
1075 417 1260 471 Caesaris,
1290 421 1438 473 perdo-

111 476 211 515 mita
228 475 300 516 est.
363 475 424 515 Ibi
442 486 528 515 tum
548 474 779 515 Hasdrubal
804 473 1014 529 Gisgonis,
1046 477 1251 518 maximus
1273 479 1437 518 clariffi-

111 534 283 588 musque
320 549 368 575 eo
404 534 512 574 bello
545 531 772 574 secundum
807 532 1002 573 Barcinos
1035 535 1136 585 dux,
1167 537 1364 591 regreffus
1386 536 1436 577 ab
1456 567 1550 598 ΗΜ
1586 570 1601 600 b
1624 571 1640 600 l

112 592 315 641 Gadibus,
348 593 570 634 rebellandi
598 592 709 647 spem
741 592 958 646 adjuvante
980 593 1163 647 Magone
1185 595 1434 636 Hamilcaris
1453 570 1663 658 cumslifszgm.

111 650 213 702 filio,
258 653 487 692 delefifibus
523 660 613 706 per·
635 651 872 690 ulteriorem
907 650 1151 704 Hispaniam
1184 652 1351 703 habitis,
1384 656 1435 694 ad
1452 660 1552 691 bellum
1569 664 1615 692 in-

109 710 407 766 quinquaginta
442 711 568 749 millia
589 711 790 764 peditum,
826 711 862 749 8<
889 719 1066 762 quatuor
1085 710 1212 750 millia
1252 714 1290 752 3<
1315 704 1595 766 quin-sta‘ff‘n‘·

108 782 253 823 gentos
290 770 448 824 equites
490 768 673 808 armavit.
736 768 803 808 De
837 767 1092 821 equestribus
1134 770 1262 824 copiis
1304 769 1436 812 ferme

107 828 214 868 inter
236 828 424 869 au&ores
446 827 637 867 convenit
657 843 666 867 t
699 827 883 881 peditum
907 825 1162 882 septuaginta
1194 829 1321 869 millia
1344 830 1436 883 qui-

65 935 67 939 .
108 888 201 926 dam
216 887 397 927 ‘adduGta
413 887 462 926 ad
484 886 654 940 Silpiam
679 885 822 926 urbem
841 884 1034 926 scribunt.
1099 885 1161 926 Ibi
1184 886 1303 942 super
1322 902 1436 928 cam-

107 960 181 999 pos
204 955 388 999 patentes
411 947 493 985 duo
528 946 652 985 duces
674 944 796 985 Poeni
818 944 863 984 ea
897 954 1052 995 mente,
1084 958 1135 985 ne
1158 946 1436 988 detreetarent

106 1015 329 1051 certamen,
362 1013 647 1044 comederunt.

165 1063 282 1104 XIII.
313 1063 468 1118 Scipio,
502 1078 631 1116 quum
654 1063 704 1102 ad
727 1075 822 1102 eum
844 1060 953 1102 fama
975 1061 1078 1102 tanti
1106 1064 1334 1117 comparati
1364 1078 1435 1106 ex·
1454 1081 1547 1124 Scipio
1560 1085 1647 1112 aux-‘-

105 1120 257 1162 ercitus
279 1124 432 1176 perlata
454 1122 562 1171 esset,
596 1136 728 1175 neque
753 1121 955 1161 Romanis
987 1121 1217 1176 legionibus
1239 1132 1364 1164 tantae
1396 1124 1493 1166 felia
1510 1129 1639 1169 absociit

105 1195 246 1235 parem
268 1181 357 1221 fore
389 1180 645 1220 multitudini
680 1190 808 1230 ratus,
842 1189 886 1219 ut
909 1194 992 1219 non
1030 1180 1072 1219 in
1094 1179 1270 1234 speciem
1293 1181 1435 1225 saltem
1452 1175 1608 1206 contrahit.

104 1250 412 1294 opponerentur
447 1239 713 1279 barbarorum
746 1239 914 1289 auxilia,
965 1253 1099 1292 neque
1141 1239 1183 1278 in
1213 1240 1261 1280 iis
1294 1251 1435 1284 tamen

105 1310 266 1338 tantum
285 1299 433 1339 virium
455 1300 713 1352 ponendum,
744 1308 788 1337 ut
806 1297 1005 1337 mutando
1028 1297 1168 1347 fidem,
1201 1314 1293 1353 quae
1309 1302 1436 1345 cladis

104 1357 223 1398 causa
245 1357 379 1397 fuiffet
411 1358 515 1411 patri
544 1369 789 1410 patruoque,
822 1370 1020 1410 magnum
1042 1362 1067 1409 †
1087 1369 1346 1399 momentum
1373 1358 1436 1400 fa-

103 1427 258 1465 cerent,
290 1417 490 1470 praemiffo
511 1416 651 1455 Silano
669 1416 718 1454 ad
741 1414 957 1464 Colcham,
989 1415 1293 1471 duodetriginta
1315 1418 1435 1473 oppi-

103 1475 165 1515 dis
187 1486 443 1529 regnantem,
478 1484 523 1514 ut
543 1475 702 1527 equites
734 1473 969 1527 peditesque
1002 1473 1051 1514 ab
1073 1488 1139 1525 eo,
1173 1490 1277 1529 quos
1299 1476 1337 1517 se
1359 1492 1434 1531 per

102 1534 281 1576 hiemem
305 1533 631 1588 conscripturum
654 1532 860 1586 pollicitus
881 1541 982 1581 erat,
1015 1533 1235 1587 acciperet,
1265 1534 1348 1590 ipse
1381 1535 1434 1579 ab

100 1595 338 1635 Tarracone
370 1592 600 1647 profefilus,
633 1591 863 1645 ssprotinus
897 1591 947 1631 ab
980 1590 1114 1642 sociis,
1147 1593 1217 1646 qui
1240 1595 1434 1636 accolunt

102 1654 226 1703 viam,
259 1652 421 1692 modica
458 1651 739 1691 contrahendo
773 1649 938 1700 auxilia,
986 1649 1253 1692 Castulonem
1290 1667 1435 1706 perve-

102 1713 178 1753 nit.
242 1709 303 1752 Εὸ
333 1710 514 1750 ειάἀυὲὶει
537 1709 586 1749 ab
608 1710 749 1750 Silano
785 1708 952 1760 auxilia,
984 1709 1060 1749 tria
1091 1709 1218 1750 millia
1240 1712 1430 1765 peditum

105 1774 144 1812 8<
169 1770 385 1826 quingenti
407 1770 579 1823 equites.
604 1768 698 1808 inde
721 1769 768 1807 ad
794 1768 1002 1808 Baeculam
1036 1767 1180 1808 urbem
1202 1772 1431 1825 progreffus

103 1830 218 1870 omni
250 1828 433 1870 exercitu
469 1828 637 1876 civium,
670 1827 892 1878 sociorum,
937 1826 1124 1880 peditum
1158 1828 1430 1883 equitumque

103 1889 286 1943 quinque
311 1889 351 1927 &
384 1886 655 1941 quadraginta
688 1883 881 1926 millibus.
946 1885 1089 1926 Castra
1130 1897 1330 1939 ponentes
1358 1902 1431 1929 eos

104 1949 237 2002 Mago
258 1949 295 1987 8<
321 1946 524 1985 Masinissa
549 1959 644 1984 cum
667 1944 782 1983 omni
803 1943 990 1996 equitatu
1013 1943 1181 1998 aggreffi
1212 1944 1318 1986 sunt.
1343 1955 1431 1986 tur-

100 2006 338 2058 bass'entque
360 2010 375 2055 Η
402 2003 652 2051 munientes,
683 2001 726 2041 ni
761 2001 886 2042 abditi
907 2001 995 2056 post
1016 2003 1240 2052 tumulum,
1273 2006 1336 2058 (ι)
1357 2020 1433 2059 Op-

102 2062 279 2120 portune
316 2064 367 2102 ad
397 2062 437 2101 id
460 2062 650 2115 positum,
682 2059 731 2100 ab
751 2059 944 2114 Scipione
966 2061 1125 2115 equites
1145 2061 1366 2116 improviso
1388 2064 1432 2104 in

104 2123 253 2164 effusos
294 2121 561 2162 incurrifl'ent.
643 2119 702 2159 Hi
733 2118 1075 2173 promptissimum
1117 2134 1341 2174 quemque,
1391 2124 1433 2166 δι

104 2179 290 2238 proxime
314 2181 464 2220 vallum
485 2196 497 2228 3
531 2188 653 2235 atque
677 2178 718 2219 in
740 2177 846 2232 ipsos
867 2183 892 2231 †
912 2177 1139 2219 munitores
1163 2182 1226 2234 (2)
1248 2181 1433 2233 primum

1218 2237 1433 2284 invectum

104 2362 233 2392 Bruttiis
245 2358 418 2400 gerebantur
432 2357 608 2397 res-..suopte
628 2357 737 2398 ingenio
753 2356 959 2398 congruentibus
981 2357 1009 2386 in
1035 2369 1096 2386 eum
1123 2369 1235 2388 morem.
1281 2356 1337 2397 (5)
1357 2358 1433 2391 Hoc

106 2406 152 2438 ait
179 2413 315 2447 propter
334 2402 516 2434 Sardsniam
535 2402 565 2431 &
591 2401 746 2438 Siciliam,
769 2412 839 2442 quae
864 2401 978 2442 primae
1000 2401 1181 2442 provinciae
1208 2404 1356 2442 fuerunt,
1379 2404 1434 2437 sed

106 2462 174 2484 non
200 2451 275 2481 sunt
304 2450 339 2480 in
365 2448 566 2480 continente.
591 2447 677 2478 Hor.
696 2447 716 2477 l.
735 2456 766 2486 3-
791 2447 854 2478 od.
874 2447 905 2479 8.
925 2458 955 2477 v.
976 2456 1032 2478 22.
1060 2448 1212 2485 Cantaber,
1227 2450 1299 2490 serti
1314 2452 1434 2483 domitus

105 2497 214 2532 εαίεηᾶ.

150 2546 188 2575 C,
213 2551 261 2581 ¹3·
285 2540 342 2581 (1)
372 2538 460 2570 Infra
478 2550 507 2571 c.
536 2538 710 2582 17.finibus
736 2541 822 2568 etiam
854 2540 932 2582 regni
951 2538 1017 2580 apt?
1044 2540 1084 2569 ad
1108 2539 1435 2584 Hiſjoaniam...pafiti:,

107 2590 190 2625 Sunt
214 2586 272 2630 qui
290 2585 344 2618 hic
361 2586 479 2617 volunt
497 2585 647 2631 opportune*
660 2586 674 2625 ῃ
687 2586 849 2629 oppefitum.
895 2584 952 2627 (2)
969 2585 1015 2616 Ut
1032 2584 1172 2627 quisque
1188 2584 1313 2628 primus
1326 2587 1438 2619 invec-

314 2639 317 2642 “
1383 2642 1439 2667 tus
