1834 3099
157 279 185 316 4
928 262 1228 305 T.L1V11

384 377 581 428 exercitu,
613 392 737 433 quem
767 379 946 422 haberet.
980 380 1006 420 s1
1035 379 1317 435 supplemento
1338 393 1442 435 opus
1461 379 1570 429 esset,
1603 376 1698 434 sup-

385 436 516 490 pleret
546 437 596 478 de
629 438 873 491 legionibus,
906 438 1054 493 quibus
1075 439 1122 479 P.
1145 438 1361 480 Cornelius
1392 449 1617 493 propraetor
1650 438 1693 477 in

385 494 522 536 Sicilia
543 497 749 550 praeeffet:
770 497 870 538 dum
892 511 942 538 ne
964 511 1087 551 quem
1110 497 1282 538 militem
1304 498 1456 552 legeret
1475 511 1525 538 ex
1548 510 1596 537 eo
1616 510 1696 536 nu-

386 566 515 603 mero,
547 554 694 609 quibus
717 554 876 596 senatus
908 556 1132 596 mistionem
1163 555 1423 610 reditumque
1445 555 1487 595 in
1518 553 1695 610 patriam

384 613 559 667 negaffet
581 624 674 654 ante
704 613 798 654 belli
831 613 969 655 finem.
1033 615 1081 656 C.
1111 613 1311 669 Sulpicio,
1343 614 1409 654 cui
1430 613 1569 655 Sicilia
1598 626 1692 654 eve·

383 681 515 722 nerant,
544 672 639 713 'duae
672 672 867 727 legiones,
899 687 999 726 quas
1040 672 1088 712 P.
1119 672 1336 712 Cornelius
1369 671 1583 722 habuisset,
1612 671 1689 712 de-

380 740 527 770 cretae:
575 733 614 771 8<
653 730 980 785 supplementum
1016 731 1065 770 de
1107 731 1287 771 exercitu
1326 731 1403 771 Cn.
1437 730 1584 781 Fulvii,
1616 729 1689 784 qui

378 789 442 842 (4)
473 789 606 843 priore
628 803 735 830 anno
757 790 799 830 in
834 789 985 844 Apulia
1015 787 1128 829 foede
1160 789 1286 831 caesus
1318 788 1562 844 fugatusque
1584 784 1684 829 erat.

375 845 489 888 Huic
510 848 648 902 generi
663 848 838 888 militum
857 847 1015 888 senatus
1033 848 1228 897 eundem,
1248 862 1371 902 quem
1389 846 1684 896 Cannensibus,

331 924 335 930 =
374 902 501 945 finem
524 905 715 946 statuerat
747 906 929 946 militiae:
961 906 1146 946 additum
1178 906 1300 946 etiam
1323 917 1592 960 utrorumque
1624 905 1685 961 ig·-

372 964 565 1004 nominiae
599 964 671 1013 est,
704 978 755 1005 ne
792 965 833 1005 in
871 965 1032 1018 oppidis
1065 964 1342 1014 hibernarent,
1375 979 1474 1005 neve
1510 964 1682 1004 hiberna

370 1021 538 1076 propius
560 1024 688 1062 ullam
721 1021 863 1063 urbem
896 1024 1037 1063 decem
1069 1022 1249 1064 millibus
1280 1024 1463 1078 passuum
1499 1021 1679 1063 aedifica-

369 1089 473 1120 rent.
534 1080 584 1121 L.
608 1080 801 1121 Cornelio
824 1080 866 1120 in
893 1080 1080 1121 Sardinia
1107 1082 1198 1122 duae
1227 1082 1408 1137 legiones
1431 1083 1550 1132 datae,
1586 1081 1677 1135 qui-

366 1135 442 1178 bus
465 1139 518 1193 Q.
543 1139 712 1180 Mucius
744 1137 974 1195 praefuerat.
1010 1137 1360 1193 supplementum,
1391 1140 1417 1179 s1
1438 1154 1542 1194 opus
1562 1139 1672 1190 effet,

364 1196 550 1238 consules
571 1196 741 1238 scribere
768 1197 873 1254 juffi.
952 1197 1005 1238 Τ.
1031 1197 1210 1237 Otacilio
1234 1207 1275 1238 et
1297 1199 1359 1239 M.
1378 1198 1547 1238 Valerio
1569 1198 1673 1239 Sici-

361 1254 426 1295 lire
450 1255 706 1310 Graeciaeque
728 1271 799 1297 ora
821 1270 916 1297 cum
940 1255 1170 1311 legionibus
1201 1256 1483 1310 classibusque,
1519 1255 1669 1311 quibus

359 1324 576 1366 praeerant,
617 1316 804 1356 decretae.
889 1314 1202 1370 Quinquaginta
1241 1315 1380 1356 Graeci
1402 1319 1465 1370 (5)
1486 1329 1582 1356 cum
1613 1315 1672 1355 le-

357 1371 479 1426 gione
501 1374 596 1424 una,
629 1383 797 1415 centum
819 1372 950 1414 Siculi
981 1387 1075 1414 cum
1104 1373 1263 1414 duabus
1285 1373 1515 1429 legionibus
1546 1373 1672 1414 habe-

356 1429 453 1471 bant
488 1446 623 1473 naves.
686 1432 840 1472 Tribus
873 1434 912 1473 82·
949 1431 1094 1487 viginti
1123 1432 1352 1488 legionibus
1384 1431 1590 1473 Romanis
1618 1445 1668 1472 eo

127 1499 330 1541 23·lcgi01²es.
354 1503 461 1530 anno
483 1489 636 1531 bellum
659 1491 765 1531 terr&
784 1490 968 1544 marique
990 1490 1048 1530 est
1069 1490 1241 1546 gestum.

412 1548 466 1589 ΙΙ.
502 1549 707 1604 Principio
729 1551 818 1605 ejus
840 1549 936 1589 anni
957 1563 1087 1602 quum
1109 1549 1160 1589 de
1192 1549 1318 1590 literis
1341 1549 1389 1590 L.
1421 1548 1571 1590 Marcii
1603 1562 1666 1590 re-

109 1601 247 1659 :125'2'5
266 1605 307 1637 L.
352 1606 545 1658 ferretur,
566 1622 630 1648 res
651 1607 772 1663 gestae
793 1607 1023 1663 magnificae
1045 1606 1200 1647 senatui
1216 1607 1308 1648 visae
1327 1623 1336 1648 :
1368 1608 1511 1648 titulus
1532 1607 1664 1648 hono-

113 1647 255 1682 ‘Marem
352 1665 407 1706 ris
429 1663 574 1720 (qubd,
606 1666 779 1721 imperio
801 1680 882 1706 non
915 1666 1055 1720 populi
1079 1666 1202 1721 juffu,
1235 1680 1319 1706 non
1346 1680 1395 1707 ex
1418 1666 1663 1706 au&oritate

349 1724 519 1765 Patrum
540 1726 650 1774 dato,
677 1725 890 1777 Propraetor
905 1725 1073 1780 finatui,
1105 1723 1330 1779 scripserat)
1361 1738 1550 1780 magnam
1568 1738 1663 1778 par-

213 1789 240 1842 ᾖ·
349 1792 431 1822 tem
453 1783 670 1823 hominum
701 1782 946 1823 offendebat.
1010 1782 1120 1822 Rem
1144 1783 1239 1822 mali
1261 1784 1438 1838 exempli
1457 1782 1550 1833 esse,
1581 1783 1659 1822 im-

346 1851 553 1895 peratores
573 1841 652 1897 legi
675 1839 725 1881 ab
746 1841 1019 1882 exercitibus:
1054 1844 1094 1882 &
1125 1844 1187 1895 (1)
1221 1840 1399 1881 sollenne
1431 1840 1659 1895 auspicato-

344 1914 435 1940 rum
452 1899 714 1940 comitiorum
734 1899 775 1939 in
799 1899 925 1941 castra
944 1902 982 1940 &z
1000 1899 1243 1953 provincias,
1261 1899 1403 1953 procul
1426 1899 1474 1940 ab
1497 1899 1656 1954 legibus

341 1958 738 2013 magistratibusque,
752 1959 803 1998 ad
824 1958 1042 1998 militarem
1065 1958 1337 1997 temeritatem
1350 1957 1573 1998 transferri.
1595 1960 1653 2007 &,

341 2031 471 2071 quum
500 2017 667 2070 quidam
686 2016 948 2056 referendum
965 2016 1016 2055 ad
1039 2015 1220 2056 senatum
1248 2015 1472 2065 censerent,
1505 2016 1654 2057 melius

338 2075 469 2116 visum
487 2075 639 2116 differri
653 2089 742 2116 eain
765 2074 1120 2123 consultationem,
1152 2074 1282 2115 donec
1297 2074 1652 2129 proficiscerentur

339 2134 514 2192 equites,
534 2133 603 2192 qui
620 2133 668 2174 ab
686 2133 847 2173 Marcio
865 2133 1001 2173 literas
1023 2133 1255 2173 attulerant.
1295 2133 1474 2174 Rescribi
1491 2133 1540 2174 de
1562 2132 1648 2173 fru-

339 2201 478 2232 mento
500 2205 541 2232 et
562 2191 811 2232 vestimentis
832 2191 1034 2231 exercitus
1050 2191 1202 2245 placuit
1220 2207 1229 2231 :
1259 2200 1547 2246 eamutramque
1568 2206 1647 2231 rem

334 2266 432 2292 curae
447 2250 539 2307 fore
556 2251 721 2305 finatui.
757 2249 927 2290 adscribi
950 2259 1102 2299 autern,
1133 2249 1363 2303 Propraetori
1389 2250 1441 2290 L.
1473 2250 1646 2299 Marcio,

336 2322 419 2349 non
457 2308 637 2363 placuit:
670 2310 731 2365 (2)
753 2321 804 2348 ne
836 2308 878 2349 id
909 2306 1056 2362 ipsum,
1088 2309 1199 2361 quod
1234 2307 1520 2349 consultationi
1551 2307 1645 2348 reli·
1826 2329 1834 2357 ς

1470 2374 1645 2419 querant
1824 2371 1834 2427 j

333 2452 375 2477 ta.
421 2444 527 2484 Vid.‡
540 2445 639 2486 subita
654 2445 731 2475 belli.
776 2443 833 2484 (4)
856 2443 983 2485 Nempe
998 2445 1144 2474 exercitus.
1191 2442 1249 2482 (5)
1273 2444 1361 2474 Hse.
1393 2443 1524 2475 tuendae
1550 2445 1639 2475 Grae-

335 2501 448 2522 corum
467 2501 532 2521 orae
551 2489 791 2532 quinquaginta
809 2499 929 2526 naves;
952 2488 1149 2525 Siculorum,
1172 2496 1304 2519 centum
1324 2496 1500 2530 praeerant.

380 2539 420 2567 C.
439 2545 470 2567 2.
519 2538 576 2577 (1)
599 2536 750 2566 sollenne
781 2534 978 2571 institutum,
1001 2543 1068 2574 qno
1094 2533 1225 2564 comitia
1250 2533 1420 2575 auspicato
1445 2535 1555 2564 Roma:
1579 2533 1637 2565 ha-

334 2580 510 2611 bebantur.
557 2582 683 2612 sellem
700 2579 897 2611 substantive
923 2578 1074 2616 sumitur,
1096 2586 1131 2608 ut
1146 2578 1236 2610 alias.
1299 2580 1372 2610 Hoc
1389 2586 1499 2610 autem
1523 2580 1564 2610 de
1580 2590 1634 2610 co-

331 2625 432 2656 mitiis
453 2629 466 2664 ‘s
486 2625 619 2656 curiatis
638 2625 898 2667 intelligendum,
920 2636 982 2665 qua·
998 2637 1055 2654 mn
1079 2626 1233 2654 militarem
1260 2625 1440 2656 continebant.
1502 2626 1559 2665 (2)
1583 2626 1634 2656 Ne

331 2670 472 2702 Marcius
499 2672 654 2707 auferret,
676 2670 739 2701 sive
766 2668 997 2710 assequeretur,
1020 2677 1176 2709 tanquam
1204 2668 1316 2709 aliquo
1346 2669 1411 2710 jam
1436 2669 1637 2711 praejudicio.

330 2726 405 2748 eum
422 2715 528 2757 ipsum
545 2715 679 2746 honoris
694 2715 840 2751 titulum,
861 2724 958 2754 quem
974 2716 1086 2744 utrum
1110 2713 1138 2743 ei
1163 2714 1342 2745 concedere
1365 2714 1533 2753 deberent,
1555 2726 1633 2746 con-

330 2759 498 2793 saltationi
515 2760 727 2801 reliquerant.
774 2759 824 2789 sic
842 2761 928 2790 ferre
945 2763 1109 2800 pra-mium,
1127 2768 1247 2800 pann-m.
1313 2759 1376 2791 Vid
1393 2759 1490 2791 etiam
1503 2762 1522 2801 †
1534 2763 1624 2801 serre

1499 2809 1625 2860 tacitum,
