1834 3099
367 171 618 214 LIBER
665 171 827 213 XXIX.
872 170 1035 213 CAP.
1084 170 1245 214 XXVI.

143 289 325 332 rostratis
346 289 385 330 se
406 305 452 331 ac
475 289 525 330 L.
549 289 788 346 Scipionem
811 288 861 330 ab
881 290 1029 329 dextro
1052 303 1198 338 cornu,
1229 290 1378 329 Iaevum
1398 288 1480 342 (4),

144 350 321 391 totidem
343 348 551 399 rostratas,
577 351 617 390 &
621 306 674 390 pC
690 348 866 389 Laelium
890 347 1135 402 praefec'tum
1159 348 1285 389 classis
1301 362 1395 388 cum
1417 349 1485 390 M.

148 409 299 450 Porcio
319 408 483 449 Catone
507 407 701 462 (quaestor
731 407 765 447 is
801 417 889 446 tum
921 411 1026 462 erat)
1062 407 1258 447 onerariis
1293 406 1484 447 futurum

145 466 346 523 praefidio.
408 467 588 522 Lumina
607 468 648 506 in
668 465 841 506 navibus
864 466 1016 521 singula
1039 466 1235 516 rostratae,
1267 465 1363 506 bina
1384 480 1486 506 one-

147 526 264 567 rariae
308 525 509 567 haberent
528 541 538 566 ι
589 525 629 565 in
668 525 859 579 prtetorifi
893 539 995 565 nave
1032 525 1186 579 insigne
1228 525 1483 565 nocturnum

145 585 274 626 trium
288 586 495 626 luminum
514 584 614 624 fore.
681 586 745 637 (5)
768 583 960 638 Emporia
983 593 1028 624 ut
1048 593 1251 638 peterent,
1281 583 1486 639 guberna-

146 645 305 686 toribus
326 645 392 685 edi
397 645 473 685 xit.
532 642 815 684 Fertiliffimus
843 656 954 697 ager,
986 656 1118 696 eoque
1151 644 1366 683 abundans
1394 657 1485 683 om-

147 703 265 745 nium
280 704 397 759 copia
415 716 553 744 rerum
575 701 632 742 est
654 702 784 756 regio,
820 703 856 742 8<
884 700 1067 741 imbelles
1089 701 1218 756 (quod
1242 703 1484 755 plerumque

149 762 190 802 in
214 763 364 804 uberi
352 777 450 818 agro
482 760 635 816 evenit)
656 759 816 800 barbari
838 759 958 800 sunt.
989 757 1198 814 priusque,
1233 775 1357 813 quam
1381 761 1486 800 Kar-

151 821 318 878 thagine
348 819 649 872 subveniretur,
682 819 861 874 opprimi
883 818 1128 859 videbantur
1149 819 1270 872 posse
1332 819 1386 859 Iis
1402 819 1488 859 edi-

152 881 204 924 tis
242 880 438 948 imperiis,
470 878 604 920 redire
628 879 676 918 ad
700 892 823 919 naves
848 878 968 934 jussi:
1003 880 1043 919 Sc
1078 874 1239 932 pOstero
1270 877 1353 929 die,
1384 878 1488 919 Deis

152 940 257 982 bene
283 941 330 996 Η]
339 953 390 980 uv
395 937 574 988 antibus,
607 937 718 993 figno
740 939 838 978 dato
857 937 1008 978 solvere
1026 951 1164 978 naves.

212 998 376 1041 XXVI.
409 997 557 1038 Multae
575 997 711 1037 classes
729 997 934 1037 Romanae
956 1010 978 1036 e
996 995 1132 1037 Sicilia
1167 1006 1288 1050 atque
1309 995 1395 1051 ipso
1417 996 1489 1037 illo

153 1069 276 1113 portu
291 1056 490 1112 profeci:ae
508 1066 638 1096 erant.
702 1053 901 1096 Ceterum
920 1069 1004 1095 non
1022 1069 1070 1095 eo
1085 1055 1193 1096 bello
1215 1053 1362 1106 solum,
1396 1058 1489 1110 (nec

153 1118 195 1159 id
219 1117 386 1165 mirum,
419 1115 647 1170 praedatum
671 1115 783 1154 enirn
804 1115 1094 1155 tantummodo
1117 1116 1324 1169 pleraeque
1354 1115 1491 1155 class‘es

155 1176 304 1231 ierant)
323 1175 391 1215 sed
413 1189 464 1215 ne
486 1174 620 1229 priore
644 1174 829 1228 quidem,
863 1175 945 1214 ulla
968 1173 1173 1229 profectio
1206 1175 1309 1214 tanti
1337 1174 1494 1229 speci-a-

157 1235 240 1276 culi
259 1234 351 1275 fuit.
369 1246 607 1288 quanquam
629 1233 652 1272 {i
677 1232 961 1289 magnitudine
983 1232 1110 1274 claffis
1132 1232 1416 1284 aestimaretur,
1449 1235 1492 1274 ὅτ

156 1293 244 1335 bini
281 1293 467 1334 consuies
490 1306 587 1332 cum
624 1291 732 1332 binis
755 1291 1003 1332 exercitibus
1034 1291 1129 1332 ante
1151 1292 1422 1348 trajecerant3
1455 1295 1495 1332 δι

157 1351 285 1408 prope
309 1355 371 1407 (ι)
393 1351 566 1392 totidem
603 1350 785 1392 rostratae
806 1351 848 1391 in
869 1351 948 1392 illis
966 1350 1151 1392 claffibus
1181 1350 1359 1401 fuerant,
1393 1361 1494 1406 quot

159 1410 356 1452 onerariis
391 1410 533 1465 Scipio
574 1419 666 1449 tum
703 1409 944 1467 trajiciebat.
979 1424 1092 1461 nam,
1131 1421 1278 1465 praeter
1313 1412 1497 1477 quadra·-

160 1471 274 1529 ginta
309 1470 452 1525 longas
484 1482 624 1518 naves,
658 1469 968 1524 quadringentis
1002 1469 1132 1509 ferme
1164 1469 1360 1510 onerariis
1382 1484 1499 1510 exer-

162 1530 292 1572 citum
314 1527 547 1568 transvexit
556 1526 702 1582 (2)Sed
721 1530 757 1568 &
778 1527 932 1568 bellurn
954 1527 1079 1578 bello,
1098 1527 1322 1568 secundum
1347 1529 1499 1583 priore,

163 1599 209 1629 ut
223 1587 402 1629 atrocius
422 1586 626 1627 Romanis
649 1586 870 1636 videretur,
904 1601 1033 1641 quum
1068 1584 1221 1641 quod
1212 1602 1254 1627 m
1277 1588 1392 1628 Italia
1414 1587 1499 1628 bel-

163 1647 338 1696 labatur,
369 1656 460 1687 tum
482 1645 669 1701 ingentes
692 1645 843 1702 strages
866 1656 927 1687 tot
949 1646 1222 1696 exercituum,
1254 1647 1366 1686 simul
1390 1647 1500 1688 caeiis

164 1706 355 1773 duci-bus,
372 1705 620 1746 effecerant:
654 1705 694 1745 &
715 1703 856 1762 Scipio
879 1706 981 1773 dux!
997 1705 1145 1760 partim
1168 1703 1291 1746 factis
1309 1705 1502 1757 fortibus,

163 1765 314 1823 partim
336 1764 476 1819 suapte
496 1763 663 1804 fortuna
682 1764 860 1817 quadam
880 1767 942 1820 (3)
973 1764 1151 1830 ingentis
1172 1765 1221 1804 ad
1246 1765 1500 1806 incrementa

164 1824 305 1881 gloriae
341 1823 585 1872 celebratus,
622 1827 638 1874 11
663 1833 921 1864 converterat
955 1823 1140 1864 animos:
1173 1823 1289 1864 fimul
1315 1827 1355 1866 δι’
1384 1838 1500 1864 mens

167 1883 252 1940 ipsa
283 1882 527 1939 trajiciendi,
562 1881 664 1921 nulli
703 1880 796 1922 ante
833 1896 882 1923 eo
917 1881 1024 1922 bello
1060 1882 1156 1923 duci
1183 1891 1354 1933 tentata,
1387 1882 1501 1938 quod

170 1944 220 1985 ad
242 1941 519 1984 Hannibalem
536 1939 837 1983 detrahendum
859 1955 908 1982 ex
924 1940 1054 1992 Italia,
1087 1915 1503 1996 trz'insferendumque

1219 2004 1258 2045 ἃ
1275 1999 1427 2043 finiend
1436 1999 1515 2042 um'

173 2120 390 2164 exsequenda,
413 2119 610 2153 abstinentes
628 2120 718 2152 omni
744 2121 900 2154 adversus
931 2132 987 2154 eos·
1013 2122 1206 2154 certamine.
1254 2125 1360 2165 Supra
1384 2122 1407 2153 l.
1428 2132 1455 2164 9.
1477 2135 1505 2154 c.

177 2178 232 2201 20.
253 2171 338 2211 pacis
356 2193 359 2197 .
373 2190 382 2199 .
404 2191 412 2200 .
423 2168 594 2210 praestandae
606 2170 709 2210 populo
727 2169 863 2200 Romana.
880 2167 963 2199 infr&
978 2169 1000 2199 l.
1020 2179 1075 2210 39.
1091 2180 1118 2200 c.
1135 2178 1166 2202 2.
1184 2171 1301 2210 quietem
1323 2170 1361 2202 [3’
1386 2170 1442 2212 ipse
1455 2170 1508 2199 ha—

171 2215 243 2252 buit,
270 2215 308 2246 {3³
324 2227 407 2257 regno
416 2213 573 2256 praestitit.
622 2213 679 2254 (4)
691 2215 820 2246 Laevum
844 2225 962 2252 cornu,
984 2217 1093 2246 totidem
1115 2214 1269 2254 rostratas,
1292 2225 1351 2257 pei·
1372 2217 1383 2256 Η
1403 2225 1508 2257 appo-

176 2259 329 2291 sitionem
347 2259 487 2297 dictum,
510 2259 541 2290 δε
560 2262 573 2302 u
595 2258 817 2291 variationem
846 2260 1112 2292 constructionis.
1159 2261 1216 2303 (5)
1240 2260 1365 2298 Livius,
1390 2268 1425 2291 ut
1442 2259 1509 2298 hie,

175 2306 221 2338 ita
239 2305 339 2337 etiam
355 2304 442 2336 infra
460 2315 490 2336 c.
510 2314 563 2345 33.
596 2306 628 2336 &
646 2304 668 2336 l.
691 2315 742 2344 34.
769 2315 796 2336 c.
821 2307 874 2338 62.
901 2305 1020 2338 Africae
1046 2305 1211 2348 regionem
1230 2308 1369 2349 Emporia
1386 2314 1508 2338 neutro

174 2362 314 2429 gen6ere3
338 2350 508 2427 Hisgiania:
525 2351 643 2382 urbem
661 2352 824 2394 Emporias
853 2351 1024 2383 foeminino
1050 2360 1159 2390 vocat,
1181 2353 1279 2395 supra
1299 2352 1322 2384 1.
1342 2361 1396 2384 21.
1416 2364 1441 2384 c.
1457 2354 1511 2383 (ω,

179 2398 211 2429 &
254 2407 280 2428 t.
296 2398 329 2428 Sc
347 2396 389 2428 ali
416 2396 440 2428 i.

225 2462 264 2493 C.
285 2459 405 2503 26.(1)
422 2461 472 2492 M.
485 2460 628 2503 Regulus
646 2460 679 2492 δε
706 2463 744 2492 L.
762 2460 913 2493 Manlius
936 2462 1084 2494 consules
1099 2461 1255 2494 trecentis
1282 2462 1417 2505 triginta
1443 2463 1512 2494 ros-

178 2507 276 2539 tratis
298 2506 440 2538 navibus
458 2518 474 2538 e
489 2506 598 2538 Sicilifi
615 2506 796 2539 solverunt.
840 2508 898 2550 (2)
915 2509 977 2539 Sed
1002 2517 1038 2540 ut
1064 2509 1240 2541 secundum
1258 2508 1382 2540 bellum
1400 2509 1512 2551 priore

180 2553 270 2585 bello
287 2551 431 2585 atrocius
445 2551 604 2584 Romanis
621 2552 804 2590 videretur,
828 2554 900 2586 duae
918 2565 966 2586 res
990 2554 1180 2591 effecerant,
1204 2566 1306 2596 quum
1336 2556 1428 2596 qued
1445 2556 1511 2588 &c

183 2599 216 2630 &
233 2599 302 2630 dux
319 2609 453 2640 quoque
471 2603 680 2630 converterat
697 2598 834 2631 animos.
882 2601 941 2642 (3)
957 2601 1119 2631 Celebratus
1135 2607 1294 2642 tanquam
1319 2601 1370 2632 vir
1394 2604 1511 2645 ingenti

179 2646 286 2688 gloria
318 2646 359 2676 ad
382 2647 577 2682 iuramenta·
619 2652 777 2688 tanquam
805 2644 999 2689 imperator,
1022 2646 1112 2689 cujus
1144 2646 1258 2690 ingens
1286 2646 1394 2691 gloria
1419 2648 1514 2678 novi

1390 2693 1515 2735 sempter

1627 181 1712 225 253

1508 1020 1604 1063 slzffi
1612 1019 1714 1062 firm,
