1834 3099
120 185 199 233 ηε

836 172 1169 219 T.L1V11

408 305 485 345 VI.
519 304 795 346 Relucentem
833 302 1040 344 flammam
1064 301 1201 358 primo
1233 302 1376 358 vigiles
1411 300 1679 358 Karthagini-

349 364 521 409 ensium,
553 363 701 404 deinde
722 362 887 403 excitati
909 363 977 402 alii
1000 363 1205 402 nocturno
1222 363 1402 402 tumultu
1426 375 1555 416 quum
1576 375 1678 402 con·

351 422 579 478 spexiffent,
612 421 661 462 ab
684 421 829 461 eodem
852 434 987 461 errore
1009 422 1172 461 credere
1199 423 1234 461 &
1270 421 1339 475 ipsi
1364 420 1431 461 sua
1451 424 1592 474 sponte
1615 419 1680 459 in-

352 481 546 524 cendium
570 491 721 521 ortum.
755 483 796 521 &
833 480 1017 520 clamor
1008 490 1113 520 inter
1147 480 1300 520 caedem
1334 481 1373 521 &
1398 481 1564 520 vulnera
1588 477 1681 519 sub-

352 542 473 582 latus
511 542 573 595 (1)
596 553 645 579 an
683 553 733 578 ex
769 538 1040 593 trepidatione
1076 538 1280 579 nocturna
1315 538 1424 604 effet3
1468 537 1680 585 confusus,

354 598 514 641 sensum
536 598 619 638 veri
635 597 853 638 adimebat
915 597 1047 651 Igitur
1069 612 1142 652 pro
1161 597 1196 646 se
1220 596 1314 650 quis
1341 611 1389 637 ue
1412 597 1602 644 inermes,
1635 604 1682 635 ut

354 657 505 712 quibus
528 657 626 698 nihil
649 656 793 697 hostile
816 655 1046 710 suspectum
1071 656 1181 707 esset,
1214 612 1404 696 omnibus
1426 655 1569 710 portis,
1601 668 1683 708 qua

355 717 506 770 cuique
527 716 762 771 proximum
784 726 888 766 erat,
918 728 965 755 ea
987 715 1129 766 modo,
1162 730 1252 769 quae
1282 714 1570 769 restinguendo
1597 711 1685 768 igni

356 774 507 818 forent.
539 784 763 830 portantes,
796 773 838 814 in
871 787 1018 828 agmen
1053 774 1292 814 Romanum
1328 773 1514 813 ruebant.
1578 770 1687 828 Qui-

357 833 435 875 bus
457 834 565 875 caefis
586 833 794 884 omnibus,
831 837 849 883 Π
873 842 1142 886 praeterquam
1177 832 1311 873 hostili
1344 831 1453 881 odio,
1486 830 1608 872 etiam
1632 843 1684 871 ne

359 893 453 948 quis
480 892 656 933 nuncius
687 891 900 946 effugeret,
933 892 1138 944 extemplo
1159 891 1296 945 Scipio
1319 890 1542 947 negledlas‚
1574 899 1620 930 ut
1642 888 1686 930 in

360 951 431 992 tali
448 952 645 1001 tumultu,
678 962 814 1004 portas
831 949 895 988 inv
903 949 1013 989 adit:
1043 949 1316 1004 ignibusque
1308 965 1348 989 ιιι
1371 949 1557 1004 proxima
1577 947 1688 989 ῐεᾶὶε.

360 1009 576 1065 conjectis,
608 1007 732 1048 effusa
749 1007 912 1047 flamma
934 1008 1069 1062 primo
1092 1009 1217 1048 veluti
1236 1008 1364 1063 sparsa
1380 1007 1565 1063 pluribus
1586 1006 1688 1047 locis

360 1068 527 1116 reluxit,
559 1067 654 1107 dein
695 1080 767 1121 per
805 1066 1000 1107 continua
1033 1066 1211 1120 serpens,
1243 1081 1326 1107 uno
1347 1065 1514 1121 repente
1549 1065 1689 1106 omnia

360 1127 553 1168 incendio
574 1132 599 1178 †
618 1125 761 1166 hausit.
827 1124 1019 1166 Ambusti
1045 1124 1233 1165 homines
1265 1127 1535 1191 jumentaque
1575 1123 1692 1165 foeda

361 1183 542 1242 primum
581 1184 694 1239 fuga
727 1184 821 1225 dein
858 1183 1003 1250 strage,
1035 1184 1256 1224 obruerant
1287 1184 1428 1224 itinera
1461 1194 1688 1238 portarum.

363 1245 484 1303 Qos
506 1257 590 1284 non
612 1243 882 1298 opprefferat
873 1243 994 1299 ignis,
1026 1242 1134 1283 ferro
1149 1243 1378 1298 absumpti
1412 1242 1585 1297 binaque
1607 1240 1692 1282 cas-

362 1312 424 1344 tra
466 1304 581 1344 clade
618 1317 700 1343 una
735 1303 880 1342 deleta.
942 1301 1083 1342 Duces
1120 1312 1258 1342 tamen
1299 1303 1438 1352 ambo,
1470 1303 1506 1341 δι
1542 1314 1596 1341 ex
1628 1309 1691 1345 tot

364 1362 545 1405 millibus
592 1372 843 1402 armatorum
884 1362 966 1401 duo
1003 1360 1130 1401 millia
1175 1361 1360 1415 peditum
1401 1361 1442 1400 &
1475 1358 1692 1425 quingenti

365 1421 524 1476 equites
541 1419 790 1467 semiermes,
808 1434 954 1475 magna
972 1434 1064 1474 pars
1082 1419 1221 1470 saucii,
1245 1423 1306 1475 (2)
1329 1418 1561 1473 afflatique
1553 1431 1695 1458 incen-

364 1480 450 1530 dio,
463 1479 710 1535 effugerunt.
727 1478 839 1519 caesa
857 1490 926 1519 aut
938 1478 1079 1518 hausta
1094 1478 1270 1519 flammis
1284 1477 1552 1534 quadraginta
1565 1476 1695 1521 millia

365 1538 584 1580 hominum
608 1537 716 1590 sunt,
748 1548 866 1592 capta
888 1537 1005 1592 supra
1038 1539 1221 1592 quinque
1252 1537 1406 1578 millia:
1437 1535 1556 1578 multi
1588 1536 1697 1579 Kar-

366 1595 685 1652 thaginienfium
721 1593 877 1637 nobiles
936 1595 1128 1637 undecim
1171 1596 1389 1646 senatores,
1442 1596 1550 1650 figna
1588 1594 1697 1634 mili.

368 1656 470 1697 tatia
491 1666 657 1696 centum
690 1654 944 1709 septuaginta
978 1668 1169 1709 quatuor,
1202 1655 1296 1709 equi
1330 1655 1545 1696 Numidici
1578 1653 1698 1708 supra

370 1715 453 1755 duo
487 1713 612 1753 millia
635 1713 893 1767 septingenti,
925 1713 1131 1767 elephanti
1158 1713 1222 1754 sex
1244 1714 1382 1768 capti;
1415 1713 1512 1754 οὸὶο
1533 1711 1626 1753 fiam
1631 1712 1698 1752 m}

370 1772 563 1827 ferroque
596 1771 813 1825 absumpti,
845 1785 1075 1827 magnaque
1117 1772 1175 1813 vis
1206 1787 1414 1815 armorum
1447 1780 1580 1827 capta.
1639 1769 1699 1813 Ea

372 1831 512 1872 omnia
532 1831 754 1884 imperator
771 1830 961 1871 Vulcano
979 1829 1129 1872 sacrata
1151 1831 1346 1872 incendit.

433 1889 531 1930 VII.
565 1888 798 1929 Hasdrubal
833 1902 882 1928 ex
919 1889 1032 1944 fuga,
1065 1904 1158 1930 cum
1202 1890 1340 1946 paucis
1390 1888 1590 1930 Afrorum
1631 1902 1701 1929 ιιι·-

373 1947 468 1990 bem
504 1948 732 2002 proximam
770 1947 968 2001 petierat:
1000 1962 1131 2003 eoque
1155 1963 1314 2001 omnes,
1343 1948 1414 2003 qui
1450 1947 1702 2004 supererant,

375 2006 543 2061 vestigia
560 2007 678 2046 ducis
696 2006 923 2059 sequentes,
956 2005 994 2046 se
1016 2009 1287 2051 contulerant.
1323 2017 1434 2047 metu
1453 2007 1618 2057 deinde,
1649 2019 1703 2047 ne

339 2116 341 2118 ι
378 2066 596 2107 dederetur
617 2065 817 2119 Scipioni,
846 2065 944 2105 urbe
977 2066 1151 2107 excessit.
1215 2067 1317 2106 Mox
1353 2063 1499 2106 eodem
1527 2065 1703 2120 patenti,

377 2124 456 2167 bus
478 2123 606 2178 portis
629 2123 810 2164 Romani
833 2123 1016 2178 accepti:
1048 2139 1123 2166 nec
1160 2125 1382 2181 quicquam
1415 2123 1575 2174 hostile,
1606 2124 1703 2178 quia

378 2183 589 2223 voluntate
621 2182 896 2224 concesserant
929 2183 971 2225 in
1004 2183 1219 2235 ditionem,
1250 2183 1423 2224 facium.
1481 2182 1590 2224 Duae
1612 2182 1707 2227 sub,-

379 2240 476 2281 inde
511 2240 630 2281 urbes
667 2251 796 2296 captae
825 2241 1090 2297 direptaeque.
1123 2255 1169 2282 ea
1191 2243 1342 2296 praeda,
1379 2243 1415 2282 &
1441 2255 1532 2295 quae
1564 2241 1705 2285 castris

380 2310 435 2339 ex
456 2298 626 2340 incensis
646 2300 686 2340 δε
708 2299 800 2355 igne
816 2309 929 2354 rapta
952 2311 1052 2350 erat,
1085 2301 1203 2340 militi
1226 2299 1407 2346 concessa
1429 2299 1499 2340 est.
1536 2299 1706 2355 Syphax

381 2355 479 2397 octo
497 2357 670 2397 millium
689 2357 818 2401 ferme
841 2358 935 2399 inde
958 2359 1084 2413 spatio
1104 2360 1195 2400 loco
1218 2358 1474 2400 communito
1505 2356 1703 2400 consedit.

381 2414 614 2457 Hasdrubal
646 2416 944 2473 Karthaginem
979 2418 1203 2463 contendit,
1238 2432 1287 2459 ne
1320 2417 1420 2477 quid
1440 2431 1513 2476 per
1546 2426 1706 2463 metum

432 2533 468 2565 C.
483 2531 513 2564 6
530 2534 585 2574 (1)
603 2534 780 2573 Confusis,
802 2526 891 2566 'five
883 2543 1039 2575 incertus,
1061 2547 1103 2568 an
1126 2547 1165 2570 ex
1181 2534 1402 2578 trepidatione
1425 2533 1589 2567 nocturna
1606 2533 1702 2567 effet:

387 2579 579 2656 {Jrolnoxgu}
588 2579 776 2657 suspicatur
793 2580 918 2624 aliquid
936 2581 1009 2614 vitii
1038 2582 1111 2614 loco
1134 2582 1242 2615 iness'e.
1291 2585 1346 2626 (2)
1363 2582 1440 2614 vid.
1464 2588 1534 2612 not.
1561 2589 1592 2613 ἢ.
1610 2581 1651 2615 ad
1676 2591 1706 2612 c.

412 2633 430 2664 3
493 2632 511 2657 2
577 2634 641 2667 upr

1655 2680 1707 2717 CX
